4808 6204
187 384 253 452 415
296 446 300 450 .

641 380 755 448 pult.
776 379 881 448 nisi..
904 378 1091 448 SCRIPTA
1111 376 1380 448 DOGllA'l'lGA
1400 380 1457 446 ΕΤ
1477 379 1749 448 silunculos.

2134 381 2205 448 tta

187 574 363 655 ordinariis
386 572 623 650 concionibus,
645 582 678 637 et
700 571 742 637 de
770 569 846 658 alijs
873 568 1166 636 innumerabilibus
1218 570 1314 636 sione
1327 574 1356 650 ⁴)
1389 556 1651 650 desiderabitur,
1681 560 1789 655 parati
1819 589 1934 635 sumus
1967 567 2121 636 latiorem
2153 569 2207 636 in·

187 663 301 727 rebus.
347 658 541 723 Huiusmodi
564 658 702 745 negotia
722 657 1023 742 praetermisimus,
1051 667 1088 721 vt
1110 653 1167 722 illa
1215 653 1462 736 formationem,
1497 656 1572 742 Deo
1604 653 1756 734 volente,
1793 656 1886 722 iuxta
1925 658 2110 742 scripturas
2143 676 2208 722 ex·

186 765 273 833 quae
295 746 428 811 suntin
450 743 515 809 hac
538 764 641 810 causa
661 745 853 828 praecipua,
871 744 1016 808 breuiter
1043 761 1166 828 propo·
1216 739 1386 823 hibere.²)

188 834 271 911 sita,
292 829 425 897 facilius
453 832 616 917 cognosci
645 839 796 914 possent.
842 827 960 915 Neque
990 827 1046 893 hic
1076 830 1167 915 quie·

188 938 286 1006 quam
309 918 351 982 ad
374 915 475 982 vilius
497 915 729 983 contumeliam
752 916 874 981 dictum
902 927 959 979 aut
987 912 1167 981 collectum

188 1016 253 1072 est.
303 1002 444 1069 'lantum
473 1022 512 1067 ea
546 1003 684 1067 recitata
718 1013 815 1080 sunt,
849 1021 936 1087 quae
968 1001 1168 1067 videbantur

188 1091 384 1157 necessario
407 1090 548 1154 dicenda
565 1107 660 1166 esse,
683 1099 718 1152 vt
745 1083 884 1172 intelligi
910 1089 1021 1172 possit
1048 1088 1081 1151 in
1109 1088 1168 1151 do·

188 1177 297 1243 ctrina
317 1197 359 1241 ac
381 1175 593 1261 ceremoniJs,
614 1174 704 1324 apud
725 1193 789 1238 nos
806 1171 890 1239 nihil
911 1193 989 1238 esse
1000 1187 1170 1259 receptum

190 1275 310 1330 contra
332 1262 533 1345 scripturam
554 1271 613 1327 aut
664 1257 823 1325 eclesiam
850 1258 1069 1337 catholicam,
1091 1260 1170 1345 quia

188 1348 399 1416 manifestum
421 1360 485 1426 est,
507 1367 571 1412 nos
594 1343 843 1433 diligentissime
864 1346 1018 1424 cauisse,
1040 1364 1083 1410 ne
1104 1365 1172 1431 qua

187 1455 279 1500 noua
300 1444 334 1500 et
361 1434 460 1519 impia
488 1434 644 1520 dogmata
672 1433 706 1497 in
734 1429 907 1499 Ecclesias
936 1443 1072 1498 nostras
1101 1450 1172 1496 ser·

212 1533 314 1588 erent.

187 1542 211 1609 P
275 1606 348 1672 llos
370 1602 534 1671 articulos
562 1606 857 1691 suprascriptos,
887 1603 1055 1672 voluimus
1085 1601 1172 1668 exhi·

187 1694 270 1760 bere
291 1694 382 1761 iuxta
401 1692 544 1757 salictum
567 1689 607 1756 C.
629 1690 675 1755 Μ.
698 1693 732 1756 in
761 1693 882 1779 quibus
911 1687 1083 1758 confessio
1112 1710 1171 1755 no·

187 1790 260 1846 stra
282 1789 422 1856 extaret,
443 1787 477 1842 et
498 1797 613 1843 eorum
630 1778 686 1863 qui
710 1780 797 1862 apud
820 1797 884 1843 nos
908 1779 1030 1844 docent
1052 1777 1171 1842 doctri·

187 1885 253 1933 nae
284 1884 412 1932 summa
444 1875 649 1931 cerneretur.
701 1864 738 1930 Si
773 1865 852 1951 quid
882 1866 915 1931 ιιι
944 1865 1010 1932 hac
1040 1860 1171 1930 confes-

257 2159 391 2223 exercitia,
422 2160 522 2224 species
550 2172 613 2208 uero
643 2173 712 2224 qnae
740 2165 798 2209 erat
825 2160 987 2222 ceremonia,
1013 2158 1097 2208 libera
1123 2164 1169 2208 est

257 2230 322 2281 Ideo
341 2244 394 2280 uon
412 2230 575 2279 retinuerunt
592 2228 715 2291 Apostoli
739 2228 876 2292 septimum
900 2229 982 2290 diem,
1006 2228 1054 2277 sed
1075 2228 1172 2278 malue-

257 2307 318 2350 runt
334 2300 373 2348 uti
391 2298 484 2362 primo,
501 2304 530 2346 ut
548 2304 575 2346 et
593 2297 626 2346 de
643 2296 766 2347 libertate
785 2303 812 2346 et
829 2296 863 2346 de
880 2298 1071 2347 resurrectione
1094 2297 1171 2348 chri-

256 2373 290 2419 sti
307 2371 365 2433 pios
382 2368 562 2416 admonerent.

929 2407 937 2433 Ι

292 2455 333 2503 Ea
356 2467 422 2517 quse
443 2453 616 2518 obijciuntur,
640 2451 717 2503 facila
741 2452 808 2503 dilui
831 2457 947 2516 possunt.
983 2450 1173 2516 Apostolorum

258 2523 397 2583 decretum,
416 2522 449 2570 de
466 2520 624 2584 idolothytis
649 2529 676 2571 et
698 2523 860 2570 scortatione
882 2528 922 2571 est
944 2523 1043 2570 morale
1066 2529 1093 2569 et
1114 2537 1173 2587 per·

259 2599 373 2655 potuum.
409 2588 488 2650 Quod
505 2598 593 2640 sutem
611 2588 770 2640 addiderunt
787 2590 820 2639 de
837 2591 966 2654 sanguine
989 2598 1017 2640 et
1033 2590 1172 2653 suffocato,

259 2660 377 2709 scandali
395 2661 472 2720 ratio,
489 2674 522 2708 eo
540 2667 668 2722 tempore,
685 2659 776 2708 habita
794 2667 842 2720 est,
860 2658 929 2708 Nam
946 2674 1003 2708 mos
1020 2667 1078 2710 erat
1095 2661 1174 2710 etiam

259 2736 319 2779 ante
336 2729 489 2792 Apostolos,
508 2734 536 2777 ιιι
554 2728 646 2778 domiti
663 2742 680 2776 a
696 2727 801 2778 Iudaeis
823 2728 984 2779 abstinerent
1006 2743 1023 2778 a
1045 2731 1174 2794 sanguine

260 2806 287 2846 et
304 2797 441 2848 suffocato.
468 2797 543 2846 Nihil
560 2798 642 2860 igitur
658 2798 723 2846 noui
740 2797 870 2848 adiunctis
888 2798 921 2847 ad
937 2799 1089 2849 sotietatem
1100 2814 1174 2848 suam

259 2867 439 2931 imponebant,
464 2868 511 2916 sed
534 2868 659 2916 usitatum
683 2867 762 2914 ritum
785 2877 899 2916 ueterem
922 2875 950 2917 et
971 2875 1074 2931 gratum
1096 2869 1174 2919 utris·

260 2950 318 3000 que,
335 2935 440 2985 Iudaeis
457 2935 509 3000 pijs
527 2937 551 2983 ei
570 2937 657 3001 socijs,
674 2936 790 2984 noudum
807 2943 948 2986 mutarunt.

295 3028 373 3090 Quod
402 3029 518 3080 Christus
545 3030 590 3079 ait.
631 3029 726 3078 Adhuc
753 3030 835 3080 muita
861 3030 937 3081 uobis
965 3031 1053 3080 dicere
1078 3031 1175 3094 habeo,

260 3108 330 3149 certe
348 3115 402 3149 non
422 3099 588 3149 dolatilibus
607 3099 761 3164 ceremouijs
779 3099 936 3150 Pontificum
956 3100 1102 3161 intellexit,
1121 3115 1174 3150 neo

259 3168 293 3218 de
316 3171 393 3219 nouis
419 3170 536 3218 articulis
559 3169 636 3230 lidei,
663 3169 711 3217 aed
736 3169 768 3217 de
797 3182 829 3218 eo
856 3170 912 3234 ipso
939 3169 1089 3233 Euangelio
1116 3170 1175 3219 illu·

174 3275 179 3283 ,
258 3238 376 3299 strando,
395 3239 537 3303 quodiam
555 3237 709 3287 tradiderat.
744 3237 809 3287 Ideo
827 3244 920 3301 postes
938 3238 1013 3287 addit
1032 3241 1065 3288 de
1083 3237 1173 3289 officio

259 3308 365 3371 spiritus
384 3309 481 3368 sancti,
499 3322 554 3356 nou
576 3307 715 3356 allaturum
740 3320 798 3356 essa
823 3307 894 3356 aliud
918 3308 1054 3358 doetrinae
1081 3321 1173 3371 genus,

258 3377 305 3426 sed
324 3377 382 3426 lace
400 3391 448 3426 sus
464 3376 629 3441 perfusorum
651 3382 751 3425 mantes
774 3376 979 3439 Apostolorum,
1002 3383 1031 3426 ut
1052 3374 1173 3442 Euange-

258 3445 321 3493 lium
340 3445 372 3496 de
390 3447 527 3495 uoluntate
544 3444 596 3496 Dei
614 3444 666 3492 iam
684 3445 808 3493 traditum
831 3446 1016 3508 intelligerent.
1052 3446 1117 3495 ideo
1136 3448 1174 3496 ait

257 3513 526 3567 losn.14.Illeuos
552 3512 657 3563 docebit
680 3514 782 3575 omnia,
802 3520 828 3562 et
846 3515 949 3579 rediget
972 3514 1049 3564 uobis
1071 3516 1099 3564 in
1121 3531 1173 3566 me-

257 3584 369 3632 moriam
399 3585 487 3633 omnia
513 3597 580 3648 quae
611 3583 667 3633 dixi
690 3583 777 3635 uobis.
811 3582 893 3646 Item,
920 3584 983 3635 Non
1008 3584 1174 3652 loquetura

258 3653 354 3718 seipso,
372 3654 420 3702 sed
438 3668 504 3718 quse
521 3653 604 3714 audit,
620 3653 751 3731 loquetur.

294 3745 461 3813 Obijciuntur
479 3755 505 3797 et
522 3748 574 3797 ulia
591 3748 662 3797 dicta
679 3762 746 3812 qnae
763 3748 927 3812 praecipiant
950 3749 983 3798 de
1009 3749 1171 3801 obedientis.

259 3814 372 3866 Obedita
401 3819 556 3883 praepositis
592 3818 695 3868 uestris.
732 3816 824 3867 Toties
850 3818 1033 3881 respondimus
1059 3820 1174 3867 maxime

257 3887 432 3936 necessariam
448 3901 505 3935 esse
522 3887 698 3936 obedientiam
722 3886 750 3934 in
773 3887 806 3951 ijs
830 3901 897 3950 quae
914 3888 1021 3951 propria
1043 3895 1104 3935 sunt
1127 3888 1173 3937 mi·

257 3955 358 4021 nisterij
378 3956 502 4004 diuinitus
520 3956 647 4017 mandati,
664 3953 733 4003 Nam
751 3953 818 4004 haec
842 3954 912 4003 dicta
935 3970 988 4004 non
1012 3959 1174 4007 constituunt

258 4023 396 4089 Episcopis
422 4039 531 4087 regnum
559 4031 635 4072 extra
660 4025 843 4085 Euangelium.
886 4021 1004 4074 Christus
1032 4023 1107 4074 dedit
1136 4027 1173 4074 eis

260 4100 331 4142 certa
348 4094 484 4153 mandata,
510 4093 560 4143 His
579 4093 651 4142 iubet
677 4107 726 4141 nos
749 4106 850 4156 parere,
884 4090 988 4143 Deinde
1011 4095 1089 4144 etiam
1112 4110 1173 4159 pro·

259 4159 345 4212 hibuit
363 4162 465 4212 institui
484 4177 568 4211 nouos
587 4164 679 4210 cuitus.
715 4160 764 4209 His
782 4167 855 4210 uetat
871 4175 971 4226 parere.
1006 4162 1095 4212 Motae
1113 4171 1175 4213 suut

259 4233 416 4281 connutritae
433 4234 504 4282 intra
521 4245 585 4297 quas
604 4238 629 4281 et
647 4231 774 4282 autoritas
792 4237 941 4294 pastorum,
960 4240 988 4282 et
1004 4241 1094 4282 nostra
1111 4234 1175 4285 obe·

259 4299 359 4351 dientia
377 4303 519 4351 consistere
537 4301 623 4352 debet.
650 4299 703 4351 Sed
721 4298 770 4350 bus
788 4308 871 4349 metas
889 4301 1061 4378 audacissime
1079 4303 1176 4353 tollunt

257 4367 391 4435 Episcopi,
408 4373 454 4436 qui
471 4372 600 4436 triplicem
617 4369 668 4420 sibi
690 4375 818 4431 arrogant
840 4376 1012 4434 potestatem,
1036 4386 1089 4437 qua
1112 4386 1174 4422 cou-

258 4436 363 4489 firmant
379 4441 617 4505 perniciosissimos
635 4451 746 4500 errores,
764 4438 894 4504 uidelicet,
912 4438 1023 4504 Regiam
1040 4455 1088 4492 seu
1098 4455 1174 4508 prae-

205 4674 238 4740 ι)
255 4676 431 4749 confessione]
451 4682 503 4736 Ed.
520 4685 546 4737 8.
564 4691 663 4750 typopr.
681 4695 779 4733 more:
799 4683 967 4734 consessione

1304 879 1494 947 Caesareae
1516 877 1646 945 lllaiest
1670 877 1713 945 V.

1698 1013 1831 1082 Fideles
1852 1027 1888 1082 et
1908 1016 2043 1082 subditi.

1325 1173 1470 1237 loannes
1492 1172 1560 1237 dux
1582 1170 1749 1237 Saxoniae
1769 1169 1918 1237 Elector.

1325 1257 1493 1344 Georgius
1516 1256 1666 1323 lilarchio
1689 1257 2038 1344 Brandenburgensis.

1326 1343 1490 1410 Ernestus
1513 1346 1579 1409 dux
1601 1343 1886 1429 Luneburgensis.

1327 1429 1499 1517 Philippus
1521 1429 1753 1516 Landgrauius
1775 1429 1972 1496 Hessorum.

1327 1517 1471 1582 loannes
1493 1517 1684 1582 Fridericus
1707 1519 1775 1583 dux
1798 1515 1975 1583 Saxoniae.

1328 1604 1532 1668 Franciaous
1555 1606 1622 1669 dux
1643 1604 1928 1689 luneburgensis.

1324 1686 1540 1776 volfgangus
1555 1693 1583 1772 ⁶)
1607 1689 1768 1774 Princeps
1790 1693 1834 1754 ab
1856 1685 1993 1755 Anhalt.
2069 1722 2073 1729 ’

1329 1776 1475 1842 Senatus
1497 1776 1784 1862 Magistratusqus
1804 1774 2089 1862 Nurnbergeusis.

1329 1861 1476 1929 Senatus
1499 1860 1760 1950 Reutlingensis.
1848 1913 1858 1919 .,
2017 1850 2031 1898 t

1290 2156 1386 2206 toriam
1403 2164 1560 2221 potestatem
1576 2155 1789 2221 interpretandas
1806 2156 1959 2220 scripturae,
1978 2155 2074 2206 deinde
2090 2160 2208 2222 potesta·

1291 2232 1343 2274 tem
1360 2226 1515 2277 instituendi
1533 2227 1631 2289 cultus,
1657 2227 1750 2287 tertio,
1775 2223 1883 2289 Regiam
1905 2231 2062 2289 potestatem
2085 2226 2207 2276 ferenda·

1290 2310 1348 2343 rum
1365 2295 1460 2359 legum.
1495 2297 1537 2346 Its
1555 2297 1743 2345 transformant
1760 2295 1905 2345 Ecclesiam
1921 2298 1950 2345 in
1972 2294 2114 2345 humanam
2136 2295 2207 2360 poli·
2305 2316 2310 2325 ·

1291 2364 1363 2425 dam,
1386 2367 1575 2430 imaginantur,
1602 2372 1631 2413 ut
1657 2365 1686 2414 iu
1711 2379 1803 2427 reguo,
1821 2364 1947 2429 Princeps
1973 2372 2020 2414 aut
2041 2364 2137 2416 Pretor
2165 2369 2208 2414 eet

1292 2433 1359 2496 legis
1386 2435 1526 2500 interpres,
1556 2443 1582 2483 et
1606 2443 1635 2482 ut
1658 2434 1782 2498 Princeps
1800 2433 1880 2484 habet
1899 2441 2057 2498 potestatem
2079 2432 2207 2484 terendae

1291 2517 1377 2553 nouae
1395 2505 1474 2567 legis,
1492 2505 1529 2552 ita
1547 2505 1574 2552 in
1591 2504 1711 2553 Ecclesia
1733 2511 1855 2567 oportere
1879 2503 1990 2552 similem
2014 2517 2071 2552 esse
2094 2504 2207 2567 Episco-

1289 2584 1382 2636 porum
1400 2580 1566 2638 potestatem.
1600 2572 1657 2622 Neo
1676 2573 1769 2622 uolunt
1791 2573 1939 2622 Ecclesiam
1961 2574 2040 2623 mutis
2057 2573 2156 2634 literis,
2177 2577 2208 2620 ut

1293 2642 1392 2704 dicunt,
1410 2642 1601 2706 Prophetarum
1620 2649 1646 2690 et
1663 2642 1851 2706 Apostolorum
1875 2641 2030 2706 gubernari,
2053 2655 2121 2706 quae
2148 2655 2208 2690 cum

1292 2710 1422 2760 interdum
1441 2713 1577 2761 nonsatis
1596 2712 1730 2775 explicent
1747 2725 1779 2760 ea
1806 2725 1872 2776 quae
1895 2716 2053 2775 proponunt,
2076 2710 2206 2774 ambigui·

1292 2785 1331 2829 ias
1349 2782 1417 2844 parit
1434 2781 1611 2830 dissensiones
1629 2796 1660 2829 ac
1678 2781 1833 2831 discordias.
1865 2779 2037 2831 contendunt
2051 2781 2132 2844 igitur
2141 2791 2207 2843 opus

1293 2863 1351 2898 esse
1369 2864 1436 2899 uoce
1453 2852 1527 2913 regia
1544 2864 1590 2899 seu
1607 2851 1737 2914 pretoria,
1761 2850 1885 2915 scriptum
1907 2849 2056 2913 ambiguum
2079 2850 2206 2913 interpre·

1292 2924 1375 2969 tante
1410 2920 1445 2968 Et
1470 2921 1522 2969 uisi
1551 2919 1613 2968 huic
1638 2918 1846 2983 interpretationi
1880 2921 2029 2969 necessario
2062 2918 2208 2983 parendum

1292 2995 1368 3050 esset,
1397 2989 1496 3038 nullum
1524 2988 1582 3037 lore
1611 2990 1847 3037 controuersiarum
1867 2993 1899 3037 et
1925 2988 2094 3038 dissidiorum
2118 2986 2206 3037 linem

1291 3057 1372 3117 Item,
1390 3058 1448 3107 Nisi
1471 3072 1522 3123 pro
1548 3066 1694 3121 temporum
1720 3059 1823 3106 ratione
1849 3059 1921 3121 leges
1949 3057 2063 3106 condere
2089 3060 2208 3121 possent,

1290 3127 1376 3190 qualis
1395 3133 1464 3175 esset
1480 3116 1590 3186 ἀταξία.
1626 3126 1700 3175 Haec
1717 3126 1804 3175 uerbis
1822 3134 1957 3189 ornantur,
1972 3136 1999 3177 et
2015 3131 2076 3176 suut
2091 3119 2208 3186 medard,

1291 3197 1354 3260 quis
1370 3204 1429 3245 suut
1446 3197 1559 3246 imitatio
1578 3197 1749 3245 humanarum
1767 3196 1925 3260 politiaruna
1960 3195 1995 3245 Et
2011 3195 2061 3245 bae
2078 3195 2206 3258 imagina-

1291 3266 1376 3313 tiones
1396 3266 1517 3314 omuibus
1535 3266 1663 3315 aetatibus
1683 3266 1745 3314 inde
1764 3280 1844 3329 usque
1863 3266 1896 3314 ab
1915 3265 1993 3314 initio
2010 3264 2102 3314 mnudi
2110 3277 2207 3313 nocue-

1290 3341 1353 3383 runt
1374 3334 1524 3395 Ecclesiae,
1548 3341 1574 3382 et
1599 3349 1712 3398 semper·
1727 3336 1865 3384 nocebunt.
1902 3334 1966 3383 ldeo
1988 3335 2023 3400 pij
2046 3331 2208 3383 admouendi

1291 3410 1361 3465 sunt,
1381 3418 1414 3452 ue
1432 3403 1474 3452 his
1492 3405 1624 3471 prestigijs
1643 3407 1788 3467 capiantur,
1822 3403 1894 3453 Deus
1912 3404 1968 3452 uult
1984 3402 2131 3453 Ecclesiam
2149 3401 2209 3464 regi

1290 3486 1338 3520 suo
1368 3472 1449 3522 uerbo
1477 3474 1573 3523 tradito
1599 3487 1646 3537 per
1675 3473 1808 3524 Christum
1832 3479 1859 3520 et
1885 3472 2044 3536 Apostolos,
2071 3471 2108 3520 Et
2139 3469 2209 3521 bano

1290 3555 1365 3590 susm
1382 3556 1474 3590 uocem
1492 3543 1549 3591 uult
1572 3556 1669 3591 sonare
1686 3556 1733 3606 per
1750 3543 1891 3592 ministros.
1921 3542 1954 3590 Et
1972 3554 2118 3606 quanquam
2136 3539 2206 3604 sapl-

1291 3613 1389 3660 eutiam
1408 3612 1526 3660 continet
1544 3613 1658 3675 positam
1683 3620 1758 3680 extra
1785 3618 1951 3676 conspectum
1972 3611 2098 3673 rationis,
2120 3614 2209 3658 tamen

1290 3680 1349 3744 ipse
1374 3694 1458 3729 sermo
1490 3680 1658 3745 propheticus
1683 3689 1710 3729 et
1734 3681 1905 3743 Apostolicus
1930 3689 2015 3729 certus
2042 3685 2132 3728 estet
2153 3691 2210 3728 non

1293 3750 1438 3813 ambiguus,
1456 3749 1521 3798 ideo
1539 3752 1576 3798 ait
1589 3749 1690 3810 Petrus,
1708 3749 1790 3799 Recte
1807 3751 1893 3799 facitis
1911 3750 2074 3799 attendentes
2091 3746 2210 3798 sermotal

1292 3818 1458 3883 prophetico,
1485 3826 1608 3884 tanquam
1635 3819 1758 3868 lucernae
1792 3820 1819 3868 in
1849 3819 1973 3869 tenebris.
2015 3818 2103 3868 Habet
2128 3817 2211 3867 etiam

1291 3888 1411 3938 Ecclesia
1430 3889 1526 3936 donum
1550 3889 1788 3951 interpretationis,
1811 3889 1840 3937 id
1863 3897 1917 3949 cst,
1938 3889 2098 3938 intellectum
2122 3885 2209 3935 coele·

1292 3959 1341 4007 stis
1362 3958 1506 4018 doctrinae,
1524 3958 1579 4010 Sed
1596 3958 1624 4006 id
1643 3958 1739 4005 donum
1757 3972 1811 4006 non
1830 3967 1871 4006 est
1888 3958 2025 4022 alligatum
2042 3957 2076 4006 ad
2094 3954 2210 4019 Episco-

1292 4042 1386 4092 porum
1403 4026 1505 4076 titulum
1523 4035 1570 4077 aut
1592 4026 1725 4088 ordinem,
1748 4027 1813 4076 Ideo
1836 4041 1999 4092 nequaquam
2027 4031 2066 4074 est
2089 4030 2219 4101 potestas⁸

1291 4097 1482 4161 interpretandi
1503 4097 1596 4145 similis
1619 4097 1708 4159 regiae
1738 4103 1766 4146 et
1793 4097 1959 4159 praetorias,
1988 4095 2035 4144 sed
2061 4093 2160 4143 eruditi
2181 4093 2212 4144 in

1292 4166 1373 4215 uerbo
1392 4166 1444 4215 Dei
1462 4172 1489 4214 et
1511 4166 1595 4216 renati
1616 4166 1709 4230 spiritu
1731 4173 1823 4215 saneto
1848 4166 1994 4230 ubicunque
2017 4171 2091 4224 suut,
2113 4162 2213 4212 adseu-

1293 4236 1392 4283 tiuntur
1411 4235 1492 4285 uerbo
1508 4234 1570 4296 Dei,
1588 4242 1614 4284 et
1632 4235 1660 4284 id
1677 4235 1842 4299 intelligunt,
1860 4235 1905 4299 aiij
1924 4235 2022 4297 magis,
2045 4233 2090 4299 eiij
2113 4231 2211 4286 minas.

1292 4305 1366 4369 E1go
1385 4304 1527 4369 prudenter
1546 4305 1577 4353 de
1595 4304 1648 4352 iilis
1667 4304 1744 4352 uallis
1761 4303 1911 4370 pontificiae
1932 4303 2066 4369 potentiae
2090 4301 2212 4351 iudican-

1293 4374 1354 4422 dum
1373 4379 1421 4424 est.
1457 4373 1499 4422 De
1521 4374 1623 4437 legibus
1649 4372 1764 4423 breuiter
1788 4368 1852 4423 di'cit
1873 4370 2073 4434 Petrus,de
2100 4373 2212 4423 mutem

1291 4442 1376 4493 Deum
1395 4444 1559 4508 imponentes
1577 4444 1666 4507 iugum
1683 4450 1734 4495 etc.

1239 4681 1270 4744 b)
1286 4679 1464 4749 Voligsngus]
1482 4684 1520 4735 sic
1535 4681 1620 4735 Edita.
1639 4686 1664 4738 ι.
1682 4686 1709 4737 2.
1728 4686 1768 4746 3.;
1787 4681 1837 4734 Ed.
1855 4684 1899 4736 4.=
1917 4679 2103 4746 Vuoligangus
