4808 6204
251 443 298 511 23
702 440 817 509 PHlL.
838 440 945 510 MEL.
968 439 1155 511 SCRIPTA
1176 440 1445 510 nonnanes
1467 441 1524 508 ΕΤ
1545 439 1818 517 sufflamen
2231 444 2276 510 ld

254 644 335 702 sunt
363 631 530 701 videndae
557 652 720 714 caussae,
751 654 812 700 cur
838 642 996 719 parentes
1026 635 1160 718 cupiant
1191 651 1242 697 re·
1289 629 1417 718 populo
1440 633 1608 711 constitui,
1631 652 1699 719 quo
1722 632 1900 697 conveniat
1920 632 1964 696 ad
1982 631 2191 710 discendum,
2211 653 2276 699 nec

253 721 363 789 scindi
386 730 606 787 contractum.
1290 717 1395 784 semel
1418 730 1490 784 tota
1511 718 1652 784 historia
1673 715 1881 803 Evangelica
1903 719 1988 782 tradi
2010 729 2134 802 potest.
2163 718 2276 793 Quare

1290 805 1357 870 alia
1387 803 1461 869 aliis
1489 806 1608 871 diebus
1636 805 1789 883 traditur,
1817 801 1882 870 alia
1907 802 2053 880 l'ascati,
2068 809 2112 883 ²⁰)
2146 802 2211 871 alla
2239 807 2275 872 in
2333 828 2338 839 ’

410 923 472 992 DE
494 923 840 991 TRADITIONJBUS
861 923 1076 990 HUMANJS·
1289 889 1593 996 Pentecoste,·alia
1614 892 1648 957 ln
1666 886 1778 955 Natali
1796 891 1969 956 docentur.
1998 890 2055 994 Ad
2070 890 2160 957 lrunc
2176 913 2274 995 usum

520 1029 521 1033 ,
1290 975 1376 1042 tales
1409 979 1607 1043 traditiones
1641 976 1828 1043 servandae
1861 987 1959 1055 sunt,
1999 998 2077 1063 quta
2110 979 2275 1063 praecipit

342 1063 410 1129 lam
437 1061 562 1140 uocat)
592 1064 762 1147 p'ostrcmo
791 1061 868 1128 loco
894 1063 1087 1141 tractando,
1115 1081 1237 1148 magna
1291 1062 1433 1128 Paulus:
1467 1062 1587 1129 Omnia
1620 1061 1703 1129 fiant
1728 1065 1762 1127 in
1795 1062 1942 1130 ecclesia
1975 1084 2051 1130 cum
2080 1064 2274 1142 decore.⁸⁰)

255 1169 337 1240 pars
367 1151 639 1216 concionatorum
661 1148 835 1235 plurimum
866 1146 1034 1215 collocant
1063 1149 1236 1231 temporis,
1288 1148 1352 1215 Est
1373 1152 1521 1229 enim⁸¹)
1542 1146 1710 1226 conlusio,
1732 1151 1761 1214 si
1783 1170 1850 1215 non
1864 1150 2180 1231 constituereturffl)
2202 1170 2274 1216 cer·

256 1258 357 1326 quum
389 1234 456 1302 loci
487 1237 728 1320 poenitentiae,
763 1237 910 1314 timoris,
944 1234 1039 1314 iidei,
1073 1237 1236 1301 bonorum
1289 1247 1345 1302 tus
1369 1237 1441 1302 dies
1464 1233 1675 1313 multitudini,
1695 1256 1761 1320 quo
1786 1237 2048 1313 conveniretffl)
2077 1236 2273 1304 Huiusmodi

256 1343 406 1409 operum,
431 1322 738 1408 obedientiaeerga
756 1322 984 1409 magistratus,
1006 1318 1237 1407 multomagis
1290 1323 1388 1387 etiam
1412 1321 1576 1387 ordinatio
1599 1322 1798 1387 concionum
1822 1333 1884 1389 est.
1929 1320 2032 1387 Esset
2049 1324 2135 1389 enim
2158 1321 2274 1389 confu-

255 1409 441 1476 necessarii
462 1410 529 1472 sint
550 1408 593 1473 ad
615 1409 850 1473 instituendam
868 1408 1106 1474 conscientiam
1124 1419 1156 1472 et
1169 1428 1238 1472 mo·
1289 1409 1355 1487 sio,
1379 1409 1408 1472 si
1427 1427 1521 1472 suam
1545 1407 1688 1492 quisque
1710 1408 1907 1473 concionem
1928 1403 2126 1489 iaceret,⁸²)
2150 1425 2183 1477 et
2204 1430 2272 1476 non

255 1516 326 1576 res,
347 1516 446 1581 quam
468 1491 552 1559 haec
576 1494 752 1578 disputatio
771 1495 813 1559 de
831 1490 1237 1561 traditionibus‘humanis.
1290 1504 1415 1560 certam
1439 1490 1583 1580 aliquam
1601 1489 1800 1557 cantilenam
1824 1513 1940 1558 omnes
1963 1508 2134 1561 canerent.

255 1581 300 1648 Et
320 1579 420 1667 plane
441 1599 530 1644 nunc
552 1592 604 1645 est
624 1600 746 1646 novum
766 1601 873 1667 genus
892 1579 1014 1647 caloris
1031 1600 1158 1658 eorum,
1182 1578 1238 1665 qui
1375 1579 1433 1644 Sic
1454 1581 1554 1665 igitur
1574 1578 1640 1644 hae
1668 1579 1864 1645 traditiones
1882 1591 1960 1644 sunt
1981 1583 2181 1663 servandae,
2205 1602 2272 1650 nou

256 1663 429 1734 clamitant
459 1662 574 1731 scelus
605 1685 701 1746 esse,
734 1667 875 1732 haerere
908 1663 1059 1742 cuculla,
1091 1677 1237 1730 autnon
1288 1676 1446 1751 tanquam
1469 1665 1683 1731 necessariae
1703 1665 1747 1729 ad
1769 1665 2049 1744 iustificatiouem,
2072 1666 2271 1736 su'nttamen

256 1755 356 1820 edere
387 1748 470 1817 feria
504 1763 602 1817 sextu
636 1772 766 1818 carnes.
781 1756 825 1831 ⁷⁴)
868 1751 924 1818 De
952 1753 1072 1817 timere
1100 1751 1164 1816 Dei
1192 1752 1238 1815 in·
1288 1751 1387 1818 utiles
1410 1753 1454 1818 ud
1476 1772 1612 1836 pacem,
1642 1750 1685 1816 Et
1706 1753 1804 1817 sicuti
1825 1749 1929 1839 longa
1955 1764 2069 1832 veste,
2101 1774 2168 1819 non
2191 1753 2272 1821 mili·

256 1841 355 1906 ten'm
376 1835 457 1903 nihil
479 1838 603 1904 dicunt.
636 1837 719 1902 'l'um
737 1838 823 1904 enlm
841 1840 917 1924 quid
935 1835 1077 1917 aliud⁷⁵)
1099 1836 1238 1918 faciunt,
1258 1794 1267 1959 Ι
1289 1839 1365 1916 teri,
1388 1840 1551 1904 sacerdos
1573 1835 1680 1902 libere
1700 1839 1816 1917 utitur,
1839 1847 1871 1903 et
1894 1835 1970 1917 alia,
1992 1834 2060 1904 alio
2083 1835 2202 1906 labore
2215 1841 2272 1907 vel

281 1946 356 1991 uam
400 1926 468 1991 uod
489 1926 537 1989 ait
558 1922 729 1989 Christum
764 1924 916 1991 Glutiunt
941 1921 1104 1989 camelum
1126 1934 1160 1989 et
1182 1945 1238 1990 co·
1288 1924 1506 2013 negotianti
1528 1934 1651 2010 potest.
1686 1922 1723 1990 Si
1745 1925 1820 2011 quis
1844 1935 2106 2013 argumentatur,
2127 1937 2273 2012 potesta·

314 1946 497 2077 tctllicem
542 2007 725 2094 Propterea
754 2031 874 2078 moneo
898 2011 1175 2090 concionatores,
1203 2021 1239 2076 nt
1289 2014 1379 2078 tibus
1401 2032 1480 2076 esse
1507 2010 1743 2090 obediendum,
1777 2023 1811 2076 et
1836 2021 2037 2096 potestatem
2063 2014 2271 2098 praecipere,

256 2095 361 2185 vulgo
383 2107 474 2163 recte
495 2096 539 2161 de
560 2093 727 2164 hocloco
750 2098 863 2164 dicant
884 2108 919 2163 et
940 2109 1048 2162 caute.
1081 2095 1240 2162 Tractent
1289 2117 1406 2164 omnes
1426 2098 1620 2163 traditiones
1643 2096 1784 2162 servari.
1819 2096 1917 2176 ltem‚
1947 2095 2058 2180 Supra
2080 2099 2273 2167 cathedram

256 2203 297 2251 ea
318 2184 447 2269 potius,
476 2203 561 2270 qnae
589 2182 632 2248 ad
654 2182 920 2250 aedificationem
948 2182 1090 2262 iaciunt,
1117 2202 1239 2269 nempe
1288 2183 1379 2249 lllosi
1412 2186 1572 2250 sederunt
1605 2184 1757 2261 smilace,
1800 2183 1958 2269 quicquid
1991 2184 2124 2265 dicunt,
2158 2184 2270 2254 facite.

255 2271 448 2356 superiores
460 2267 569 2334 loces.
603 2269 710 2333 it'tnna
726 2272 811 2336 euim
834 2271 1011 2337 insectatio
1026 2270 1237 2335 traditionum
1288 2269 1507 2356 Respondeo=
1531 2269 1761 2336 Obediendum
1783 2283 1837 2335 est
1858 2270 2029 2355 potestati,
2050 2271 2111 2335 sed
2127 2273 2157 2335 si
2175 2293 2271 2356 prae·

254 2355 443 2435 hominum,
459 2359 503 2436 ⁷⁶)
526 2354 605 2441 quid
627 2352 709 2420 iacit
728 2356 830 2429 eliud,
853 2376 953 2442 quarn
974 2368 1011 2421 ut
1033 2353 1157 2444 vulgus
1178 2355 1236 2421 ad·
1289 2359 1390 2444 cipiet
1412 2356 1526 2423 iacere
1548 2369 1665 2422 contra
1686 2366 1869 2505 praecepta
1891 2355 1975 2435 Dei,
2004 2356 2069 2421 iam
2090 2355 2167 2422 Dec
2193 2355 2271 2443 plus

255 2453 394 2510 suescat
415 2440 457 2506 ad
480 2443 623 2506 omnium
644 2438 757 2528 legum
773 2441 993 2509 humanarum
1005 2453 1039 2508 et
1049 2444 1236 2508 divinarum
1289 2445 1512 2510 obediendum
1527 2452 1590 2524 est,
1612 2440 1693 2509 etl]
1720 2442 1821 2509 ristus
1835 2442 1933 2508 iussit
1958 2442 2271 2529 pseudoprophetas

254 2537 491 2612 contemptum,
512 2526 589 2592 Nou
611 2528 697 2592 enirn
716 2529 878 2597 discernit
899 2526 1022 2616 vulgus
1044 2531 1127 2595 satie
1150 2530 1236 2595 inter
1288 2532 1396 2597 vitari.
1454 2530 1560 2594 Porro
1599 2549 1717 2595 omnes
1757 2529 1970 2606 traditiones,
2009 2529 2108 2593 etiam
2129 2530 2270 2611 mediae,

254 2615 387 2682 divinas
409 2624 442 2678 et
463 2611 625 2678 humanas
648 2611 754 2701 leges.
788 2615 902 2702 ltaque
919 2614 986 2682 hoc
1009 2636 1119 2705 genus
1137 2636 1235 2683 scau·
1288 2627 1367 2682 sunt
1388 2628 1507 2684 contra
1521 2613 1744 2704 Euangeliou,
1767 2614 1900 2702 quando
1918 2615 2097 2700 exiguntur
2114 2628 2272 2703 tanquam

254 2697 325 2768 deli
346 2718 473 2766 summe
495 2701 680 2767 cavendum
702 2713 756 2768 est
776 2702 986 2769 docentibus.
1288 2703 1353 2769 Dei
1383 2715 1562 2788 praecepta
1590 2703 1784 2769 necessaria
1813 2703 1856 2767 ad
1879 2701 2165 2782 iustificationem,
2194 2705 2273 2790 quie

182 2796 192 2813 ·
340 2785 568 2852 Traditionum
589 2784 676 2853 aliae
697 2785 871 2853 manifeste
892 2788 1100 2873 praecipiunt
1117 2799 1237 2854 contra
1286 2787 1413 2856 Paulus
1445 2789 1509 2855 ait:
1544 2787 1651 2854 Nemo
1674 2808 1738 2854 nos
1760 2789 1882 2855 iudicet
1909 2789 1944 2853 in
1975 2789 2071 2868 cibo,
2100 2801 2157 2855 aut
2189 2800 2272 2873 potu

253 2871 368 2941 divina
388 2886 584 2958 praecepta,
614 2888 648 2940 et
669 2895 738 2940 non
759 2885 838 2940 sunt
859 2875 1061 2954 servandae,
1089 2876 1166 2960 quia
1188 2875 1237 2939 dl·
1288 2888 1352 2941 etc.
1399 2874 1491 2960 ltem,
1515 2875 1616 2942 vocat
1639 2875 1812 2942 doctrinas
1835 2874 2096 2941 daemoniorum.
2145 2878 2194 2955 ⁸⁸)
2206 2876 2272 2943 Sed

254 2969 335 3027 eunt
356 2956 512 3043 Apostoli
535 2959 702 3026 Antonii.
747 2961 888 3046 Oportet
915 2958 990 3027 Deo
1018 2962 1125 3047 magis
1154 2961 1235 3027 obe·
1287 2974 1398 3028 tamen
1422 2982 1497 3028 cum
1521 2962 1750 3027 existimentur
1766 2962 1993 3035 necessariae,
2016 2961 2273 3044 videndumest,

253 3046 339 3126 dire,
361 3066 461 3131 quam
479 3043 679 3113 hominibus.
712 3045 908 3113 llniusmodi
931 3059 1010 3115 sunt
1026 3048 1235 3113 nundinatio·
1311 3048 1380 3115 und
1401 3046 1557 3114 Christus
1579 3048 1641 3124 ait,
1675 3048 1718 3112 Et
1740 3045 1865 3112 Paulus
1893 3042 1999 3111 noluit
2032 3047 2272 3115 circumcidere

253 3148 317 3199 nes
338 3130 532 3208 Missurum,
554 3144 590 3198 ιιι
613 3155 689 3199 cum
704 3131 832 3200 Missae
854 3131 1012 3239 leguntur
1032 3145 1159 3201 tantum
1181 3154 1235 3221 pe·
1317 3149 1408 3215 itum,
1432 3156 1507 3201 cum
1526 3133 1736 3201 circumcisio
1757 3144 1916 3219 tanquam
1934 3135 2132 3198 necessaria
2160 3138 2271 3222 exige-

253 3216 374 3284 cuniae
396 3237 519 3284 caussa
540 3239 602 3303 pro
626 3216 802 3286 defunctis.
856 3220 964 3286 lllrssa
992 3222 1079 3287 enirn
1108 3232 1161 3286 est
1187 3222 1236 3285 in·
1287 3232 1389 3288 retur.
1402 3224 1450 3301 θ’)
1493 3221 1558 3287 Sed
1587 3222 1621 3285 in
1649 3216 1816 3285 violandis
1842 3219 2075 3285 traditionibus
2103 3221 2272 3286 servanda

254 3305 383 3383 stituta,
398 3309 442 3383 ⁷⁷)
475 3315 514 3370 ut
545 3316 639 3370 esset
672 3310 915 3373 sacramentum
948 3328 1011 3374 seu
1043 3303 1236 3373 memoriale
1288 3319 1341 3374 est
1352 3307 1547 3387 moderatio,
1568 3326 1613 3371 ue
1624 3304 1831 3372 offendamus
1841 3304 2004 3382 infirmos,
2027 3302 2149 3369 lnfirmi
2160 3317 2271 3372 autem

253 3391 483 3469 uirorumue
506 3392 728 3457 exercendam
744 3413 857 3459 eorum
877 3393 986 3460 iidem.
1017 3391 1139 3459 llortui
1152 3414 1235 3459 vero
1287 3404 1367 3461 sunt
1389 3391 1552 3479 duplices.
1595 3389 1662 3457 Alii
1685 3393 1854 3477 accipiunt
1876 3393 2089 3456 occasionem
2103 3388 2270 3465 licentiae,

253 3472 347 3544 nullo
365 3496 467 3562 opere
483 3491 627 3564 possunt
650 3479 1033 3547 exercerelidemsuarn.
1068 3479 1236 3546 Sieetiam
1267 3492 1324 3565 ,ut
1345 3500 1467 3567 magna
1483 3482 1617 3565 ⁸⁴)pars
1642 3476 1745 3566 vulgi,
1768 3498 1810 3544 ex
1833 3496 1956 3543 caussa
1978 3477 2188 3543 traditionum
2200 3479 2269 3544 vio-

253 3573 309 3629 est
335 3563 469 3628 traditio
497 3564 539 3627 de
567 3561 755 3646 coelibatu,
788 3567 865 3652 quia
892 3577 1022 3654 pugnat
1044 3586 1120 3631 cum
1143 3564 1236 3647 loco,
1287 3565 1446 3632 lationem
1468 3567 1623 3632 nesciunt
1644 3564 1735 3646 fieri,
1756 3564 1981 3649 incipiuntque
2002 3564 2133 3629 divinas
2155 3577 2188 3630 et
2209 3563 2270 3630 hu·

225 3649 310 3716 ubi
332 3646 458 3714 Paulus
479 3651 539 3714 ait=
561 3648 682 3717 Melius
704 3663 757 3718 est
778 3654 917 3733 nubere,
938 3673 1039 3738 quam
1062 3654 1122 3717 un'.
1169 3649 1235 3718 Co·
1287 3672 1405 3719 manas
1431 3653 1626 3718 traditiones
1654 3664 1878 3729 contemnere.
1890 3652 1938 3727 ⁸⁴)
1982 3646 2036 3714 De
2067 3648 2135 3714 lroc
2162 3652 2271 3739 gradu

278 3735 303 3799 't
324 3736 410 3800 enim
432 3735 566 3802 traditio
588 3734 648 3802 illa
669 3757 743 3818 eos,
764 3740 821 3827 qui
842 3751 1001 3819 uruntur,
1024 3740 1068 3805 ad
1089 3759 1235 3824 peccan-
1288 3735 1440 3805 scandali
1461 3739 1584 3803 dictum
1606 3750 1675 3804 est:
1699 3737 1774 3802 Vae
1790 3736 1926 3817 hornini,
1947 3754 2010 3820 per
2025 3756 2123 3822 quem
2136 3738 2272 3804 veniunt

253 3753 343 3888 gum.
386 3819 536 3889 Uruntur
556 3834 666 3890 autern
687 3821 747 3906 illi,
770 3826 826 3913 qul
845 3822 939 3892 nullo
961 3826 1062 3892 ruodo
1090 3835 1236 3910 possunt
1288 3822 1461 3890 scandala.
1504 3821 1572 3889 Alli
1595 3823 1827 3904 suntinfirmi,
1848 3823 1905 3928 qul
1927 3822 2074 3888 nondum
2097 3824 2272 3889 satissunt

254 3907 435 3974 continere.
449 3910 493 3988 ²⁸)
580 3938 582 3943 ·
1287 3910 1452 3991 instructi,
1474 3921 1508 3977 et
1522 3911 1743 3996 suspicantur
1760 3910 1944 3975 doctrinam
1962 3904 2082 3974 salsam
2099 3929 2189 3990 esse,
2210 3911 2272 3976 ita-

340 3991 511 4074 Sccundo,
533 3995 697 4082 quaedam
724 3996 919 4064 traditiones
941 4006 1020 4062 sunt
1048 3997 1092 4064 de
1113 3997 1230 4063 mediis
1288 4018 1354 4085 que
1371 3994 1604 4064 abalienantur
1624 3995 1821 4085 reliquisffl)
1845 3996 2019 4061 doctrinae
2042 3995 2192 4080 partibus
2214 4014 2271 4061 ne·

251 4080 366 4147 rebus.
410 4079 465 4147 De
486 4078 539 4146 itis
560 4081 607 4146 ita
627 4081 783 4162 doceam,
800 4091 872 4148 'non
894 4103 954 4150 eas
976 4102 1057 4151 esse
1073 4103 1231 4152 necessa·
1289 4084 1459 4152 cessariis.
1505 4081 1630 4152 Paulus
1652 4085 1711 4164 ait,
1731 4103 1771 4150 se
1792 4079 1893 4149 malle
1914 4083 2017 4161 mori,
2047 4102 2146 4168 quarn
2169 4079 2272 4147 olicu-

251 4167 321 4234 rias
342 4169 387 4234 ed
416 4166 694 4253 iustificationem,
717 4170 805 4234 sicut
828 4168 988 4237 Christus
1005 4171 1068 4236 ait:
1091 4171 1231 4237 Frustra
1288 4172 1370 4237 dere
1391 4168 1547 4251 iratreru,
1570 4171 1665 4250 ltern,
1699 4171 1733 4238 Si
1755 4168 1915 4237 haberem
1933 4167 2052 4248 fidem,
2075 4178 2113 4233 ιιι
2139 4178 2272 4234 montes

252 4251 369 4320 colunt
388 4273 443 4320 ute
459 4254 623 4321 mandatis
643 4253 821 4323 hominum.
860 4255 929 4323 Sed
947 4258 1036 4324 inter
1055 4256 1120 4324 has
1139 4276 1238 4343 quae·

253 4340 329 4406 darn
350 4350 430 4406 sunt
445 4339 546 4408 utiles
566 4342 611 4408 ad
632 4361 751 4428 pacem
771 4338 951 4421 eeclesiae,
971 4356 1008 4410 ut
1037 4343 1234 4410 etsemetio
1258 4344 1264 4359 '

253 4426 452 4506 dominicae,
473 4439 535 4494 eut
553 4426 691 4496 alierum
713 4425 888 4511 seriarum,
920 4429 1086 4507 Pascatis,
1114 4430 1236 4496 Pente·
1288 4430 1336 4496 ¹¹⁹)
1353 4428 1478 4497 Pmfld
1497 4428 1547 4481 M
1565 4429 1591 4481 ²·
1610 4430 1638 4480 ¹¹¹
1655 4427 1775 4491 ΡΜ

253 4521 381 4593 cosia,
401 4511 533 4581 Naialld
553 4525 612 4585 &til
632 4511 798 4587 similium.
825 4516 976 4604 ,Oportet
994 4528 1121 4584 cerium
1143 4515 1235 4583 dlem
1288 4534 1336 4600 80)
1355 4549 1412 4584 curu
1431 4532 1549 4600 decora]
1567 4532 1618 4583 lta
1636 4532 1662 4584 2.
1681 4531 1786 4582 decore.

1287 4638 1336 4694 art
1354 4635 1402 4687 tta
1414 4618 1489 4687 'enim
1505 4662 1540 4674 -
1558 4636 1760 4687 constituentur
1777 4660 1812 4672 -
1830 4631 2003 4700 murmiretl
2021 4631 2072 4684 tte.
2082 4633 2107 4685 2.
2126 4632 2186 4685 llrit
2201 4634 2271 4686 tuln

1357 4734 1391 4747 -
1408 4705 1578 4756 conutituitur
1594 4732 1629 4745 -
1646 4704 1795 4781 musculas.

254 4788 455 4874 ⁷³l1⁸³¹¹llll
473 4803 524 4863 Ed·
540 4807 565 4861 ἵ·
581 4806 614 4859 1³
630 4808 682 4860 ¹¹0⁶
1286 4807 1638 4876 connumerassent]
1658 4808 1710 4860 ltu.
1728 4808 1754 4859 2.
1773 4806 1923 4859 entiam
1940 4760 2098 4868 decantaret,
2169 4756 2173 4763 Ι

253 4908 1133 4995 ldsstpltuouunoett-oerutalisssdzoniqamf
1286 4912 1408 4982 ⁸³)Sed
1424 4909 1750 4978 umen-exigeremul
1769 4910 1906 4964 ΗΜ.
1926 4910 2097 4962 ominem

253 5012 302 5083 ιι)
318 4996 387 5066 rm
404 5018 474 5069 ona
491 5017 557 5084 qua
573 5016 659 5085 aaa]
676 5017 728 5070 ua.
744 5016 773 5069 a.
789 5017 840 5073 ua
856 5017 921 5084 me
936 5014 1010 5072 ιιιιι
1285 5019 1335 5087 ιι)
1351 5032 1412 5085 μη
1428 5018 1502 5084 nra
1519 5043 1554 5057 -
1570 5014 1761 5082 mmmm]
1776 5015 1827 5069 aa.
1838 5015 1864 5067 r.
1881 5027 1943 5080 μη
1960 5013 2043 5076 vuer.
2059 5010 2179 5061 mm
2191 5022 2269 5075 rr·-

253 5117 788 5211 rrrrrrrrr-rre
1223 5144 1226 5149 -
1354 5079 2270 5225 ,terrente

252 5209 1231 5298 mnamau,um-a·eau,11us.tlrm,ttrm
1354 5218 2270 5297 mamommumumueumemreoam

321 5295 527 5363 prodeteuctis.
561 5294 929 5362 Nulliuautmnierto,
1090 5326 1093 5334 ·
1145 5316 1148 5321 ·
1355 5303 1479 5349 ιωιιιιο.
2255 5308 2259 5315 ’

253 5384 1113 5468 'trumentum-mmeramme.
1201 5383 1224 5426 -“
1285 5374 2164 5469 armametres-mucan·
