4808 6204
188 403 232 472 ιι
641 373 1760 475 rnmnmnscmrmnocnanmarsinoeum.
2164 401 2209 469 oo

188 611 266 662 mus
305 591 341 656 in
382 583 568 674 Evangelio
611 585 893 672 praedicationem
936 586 1171 673 poenitentiae:
1225 586 1381 652 traditum
1403 605 1480 652 esse
1500 607 1563 673 pro
1585 588 1695 653 nobis.
1740 587 1832 669 item,
1864 588 1928 657 llic
1951 601 2004 656 ast
2024 588 2112 657 calix
2129 594 2209 659 novi

189 679 293 766 Agite
313 676 560 762 poenitentiam,
584 672 661 759 quia
682 673 928 759 appropinquat
948 692 1088 759 regnum
1101 693 1173 738 coe
1225 671 1443 756 Testamenti,
1468 675 1490 739 i.
1513 693 1544 739 e.
1566 695 1677 739 novae
1698 675 1950 762 promissionis,
1981 674 2109 746 scilicet
2131 699 2207 765 pro-

190 763 311 833 lorum.
355 762 449 840 item,
481 758 583 825 babet
610 760 775 825 adnexam
803 760 1075 846 promissionemz
1109 758 1174 833 Qui
1225 762 1349 826 missae
1372 759 1499 847 gratiae
1520 772 1555 826 et
1577 760 1721 841 omnium
1744 763 1910 830 bonorum
1928 762 2163 851 spiritualium.

191 848 371 918 crediderit
391 859 426 912 et
446 847 636 932 baptizatus
657 843 766 926 fuerit,
789 845 906 912 sulvus
923 846 996 911 erit.
1018 843 1174 911 Doceant
1891 913 1898 922 ,

228 938 294 1003 ‘tur
321 933 476 1000 effectum
502 933 658 1018 baptismi
685 953 746 1020 per
768 952 898 998 omnem
920 933 1021 996 vitam
1049 932 1173 997 debere
1519 963 1583 1032 DE
1605 962 1900 1036 ΡΟΕΝΙΤΕΝΤΙΑ

216 1041 325 1102 urere,
356 1021 424 1087 bac
445 1028 517 1099 est,
549 1039 686 1106 semper
706 1038 770 1084 nos
793 1019 915 1084 debere
936 1016 1173 1103 poenitentiam
1903 1013 1912 1030 ⁰

192 1126 297 1199 ugera
329 1117 362 1174 et
394 1102 494 1172 simul
527 1105 682 1185 credere,
715 1105 805 1191 quod
837 1102 932 1169 Deus
958 1100 1041 1169 velit
1073 1103 1173 1169 uobis
1313 1101 1482 1183 lamdixi,
1503 1103 1739 1189 poenitentiam
1760 1126 1829 1171 nou
1851 1126 1930 1174 esse
1940 1108 2133 1177 distinctum
2144 1109 2206 1178 Sa-

191 1195 381 1284 ignoscere
414 1192 458 1259 Et
476 1212 579 1279 saepe
600 1194 802 1259 admoneant
822 1187 920 1255 huius
941 1189 1096 1276 baptismi
1112 1209 1173 1275 po·
1229 1200 1431 1256 momentum
1454 1190 1498 1255 ab
1520 1185 1606 1272 aliis,
1628 1192 1689 1257 sed
1708 1192 1892 1279 significan·
1910 1206 1978 1261 tum
1995 1197 2206 1283 abaptismo‚

192 1278 319 1369 pulum,
1227 1283 1296 1340 tum
1318 1295 1338 1340 e
1359 1276 1616 1343 manducatione
1637 1281 1790 1361 corporis
1811 1276 1945 1347 Domini
1969 1293 2001 1347 et
2022 1285 2206 1370 sanguinis.

279 1365 361 1431 item
385 1374 527 1432 caveant
547 1362 722 1428 admittere
743 1362 1061 1448 rebaptizationem,
1096 1361 1174 1447 quia
1226 1357 1277 1424 ita
1307 1362 1512 1446 poenitentia
1543 1384 1605 1450 per
1638 1384 1769 1431 omnem
1801 1366 1903 1432 vitam
1937 1368 2058 1435 durare
2096 1370 2207 1453 debat,

192 1453 287 1540 prior
308 1452 493 1537 baptismus
514 1445 728 1534 parvulorum
757 1449 936 1534 improbari
958 1453 1027 1514 don
1048 1458 1175 1532 potest,
1226 1447 1319 1511 iuxta
1339 1445 1440 1514 iilud:
1473 1446 1509 1513 Si
1532 1440 1651 1534 spiritu
1667 1447 1759 1516 facta
1782 1453 1894 1518 carnis
1917 1455 2207 1537 mortificaveritis,

193 1540 282 1606 sicut
304 1556 368 1602 nec
390 1534 600 1601 circumcisio
622 1531 847 1620 parvulorum.
891 1533 935 1599 Et
964 1534 1173 1600 circumcisio
1227 1532 1357 1600 vivetis.

114 1680 117 1687 .
194 1638 229 1692 et
251 1623 434 1708 baptismus
456 1630 536 1686 sunt
561 1620 712 1687 eiusdem
733 1621 782 1686 rai
804 1622 834 1686 si
859 1641 947 1685 num.
990 1619 1063 1685 Nec
1084 1617 1174 1685 valet
1218 1686 1222 1691 ,
1313 1615 1433 1686 Partes
1454 1619 1677 1704 poenitentiae
1694 1632 1773 1687 sunt
1789 1624 1957 1705 contritio,
1980 1626 2089 1706 idest,
2112 1627 2209 1695 dolor

193 1717 444 1799 argumentum,
471 1705 632 1794 parvulos
665 1707 810 1772 nondum
887 1707 969 1771 bere
998 1707 1173 1784 rationem,
1192 1785 1194 1788 Α
1227 1706 1270 1771 de
1291 1705 1441 1772 admisse
1461 1716 1625 1792 peccato,
1659 1727 1721 1773 seu
1742 1728 1823 1775 vere
1844 1709 2105 1797 perhorrescere
2125 1716 2208 1782 iudi-

153 1845 158 1858 ,
193 1798 270 1863 ideo
292 1814 357 1877 nec
378 1793 480 1861 fidem
501 1813 606 1879 posse
624 1791 759 1874 habere,
782 1789 965 1879 quiaDeus
981 1793 1051 1879 agit
1068 1793 1102 1858 in
1119 1792 1173 1872 iis,
1227 1793 1314 1858 dum
1325 1788 1401 1872 Dei,
1424 1803 1458 1858 et
1479 1793 1614 1872 sentire,
1636 1795 1727 1880 quod
1749 1814 1865 1864 summ
1882 1798 1932 1865 rei
1949 1809 2106 1865 aeternae
2123 1823 2208 1867 mor·

194 1881 323 1950 etiamsi
344 1881 474 1947 ratione
500 1899 570 1945 non
591 1890 743 1960 utantur,
776 1880 864 1946 sicut
884 1890 1024 2024 apparet
1048 1880 1089 1946 de
1109 1878 1173 1944 cir·
1225 1880 1279 1946 tis.
1324 1877 1416 1944 'iulis
1440 1880 1593 1946 contritio
1616 1879 1648 1945 in
1671 1878 1745 1948 aliis
1766 1880 1928 1969 frigidior,
1951 1886 1985 1949 in
2007 1882 2082 1952 aliis
2104 1888 2207 1954 vehe-

194 1968 412 2037 cumcisionez
444 1966 519 2055 Ego
551 1985 611 2031 ero
638 1962 734 2034 Deus
767 1986 890 2034 eorum.
951 1981 1033 2042 tem,
1066 1965 1174 2034 Sinite
1226 1965 1368 2031 mentior
1389 1976 1451 2032 cst.
1495 1965 1558 2032 Est
1579 1967 1679 2051 igitur
1701 1970 1882 2050 orandum,
1906 1981 1943 2036 ut
1964 1969 2061 2037 Deus
2084 1969 2209 2040 efficiat

192 2051 353 2142 pannias
381 2054 425 2119 ad
446 2073 499 2119 me
520 2053 657 2119 venire.
892 2064 898 2073 '
1226 2051 1453 2134 rarissimam,
1497 2052 1584 2119 siout
1624 2063 1659 2118 et
1713 2052 1854 2143 ropheta
1886 2054 2073 2124 Hieremias
2112 2061 2209 2129 dicitz

1226 2137 1411 2226 Postquam
1440 2138 1618 2206 ostendisti
1680 2140 1743 2224 '',
1776 2144 1931 2228 percussi
1960 2140 2069 2211 femur
2090 2166 2207 2214 meum.

416 2249 747 2327 scammum
764 2257 951 2330 smmis
1226 2225 2210 2400 ititttiitiiitsitittiiitstitiii

277 2395 423 2465 Primum
456 2397 508 2477 sic
539 2396 702 2479 doceant,
739 2398 834 2466 iuxta
870 2399 1009 2464 verbum
1047 2394 1173 2465 Christi
1225 2400 1273 2465 ris
1294 2397 1458 2479 hominis,
1492 2412 1634 2467 vocamr
1655 2402 1756 2469 etiam
1779 2402 1925 2490 cognitio
1954 2405 2098 2489 peccati,
2120 2424 2207 2474 eanr-

191 2503 270 2552 essc
291 2503 367 2550 cum
395 2503 484 2569 pune
511 2504 629 2551 verum
650 2504 773 2571 corpus
796 2481 938 2565 Christi,
971 2506 1046 2552 cum
1069 2482 1174 2553 calice
1226 2505 1292 2574 que
1308 2483 1405 2553 Deus
1426 2486 1578 2552 immittit.
1592 2490 1638 2566 ὅἸ)

189 2590 308 2638 verum
329 2571 542 2657 sanguinem,
577 2573 655 2660 quia
680 2570 846 2639 Dominus
873 2571 919 2636 ita
940 2572 1086 2640 vocavit.
1130 2570 1174 2639 Et
1312 2570 1468 2639 &cunda
1488 2574 1710 2659 poenitentiae
1731 2594 1812 2661 pars
1831 2584 1883 2641 est
1900 2570 2083 2657 confessio,
2106 2597 2209 2665 quum

189 2654 316 2724 Paulus
332 2658 388 2731 ait,
411 2658 666 2726 discernendum
682 2678 761 2725 esse
778 2676 902 2745 corpus
912 2657 1058 2726 Domini.
1080 2657 1173 2740 item,
1224 2657 1300 2725 Deo
1324 2659 1520 2727 confitemur
1540 2670 1692 2748 peccata,
1713 2661 1736 2727 i.
1755 2683 1786 2728 e.
1808 2658 1952 2731 fatemur
1972 2683 2036 2729 nos
2058 2664 2132 2731 iure
2151 2686 2208 2751 pu·

110 2816 122 2842 ⁶
190 2740 349 2810 Christus
370 2745 432 2810 ait:
467 2742 532 2810 liic
549 2757 602 2813 est
624 2743 731 2824 calix,
765 2767 889 2814 novum
909 2743 1172 2827 Testamentum,
1223 2748 1297 2814 niri.
1341 2742 1386 2812 Et
1416 2756 1529 2813 tamen
1560 2766 1719 2835 rogamus
1753 2748 1904 2830 veniam,
1938 2750 2030 2817 iuxta
2062 2747 2153 2815 Psal.
2176 2747 2209 2818 3.

188 2827 442 2898 Testamentum
454 2834 618 2920 sanguine
631 2833 809 2914 conditum,
832 2854 900 2899 non
923 2834 1021 2921 signo
1037 2832 1173 2922 sangui·
1223 2832 1314 2915 Dixi,
1337 2831 1524 2901 confitebor
1545 2834 1709 2901 adversus
1730 2855 1784 2903 me
1804 2834 2016 2920 iniustitiam,
2044 2845 2078 2902 et
2099 2849 2135 2902 tu
2155 2856 2208 2904 re·

189 2917 255 2985 nis.
293 2917 392 2985 item:
424 2918 543 3000 Panis,
572 2939 670 3006 quem
691 2915 895 3008 frangimus,
916 2929 970 2986 est
991 2921 1173 2988 communi-
1224 2921 1342 2987 misisti
1357 2920 1619 3008 iniquitatemffl)
1640 2924 1771 3006 peccati
1792 2924 1867 2989 mei.
1901 2920 1964 2989 Est
1985 2934 2019 2989 et
2039 2922 2108 2989 alia
2130 2943 2210 2991 con·

191 3006 277 3073 catio
300 3026 360 3072 cor
384 3006 452 3071 oris
476 3003 617 3088 Christi,
650 3026 719 3074 non
746 3006 810 3074 ait:
844 3016 897 3072 est
918 3007 1172 3075 communicatio
1224 3005 1341 3082 fessio,
1366 3027 1453 3096 quae
1474 3006 1513 3075 iit
1533 3007 1714 3091 sacerdoti,
1735 3010 1770 3075 in
1790 3011 1857 3077 hac
1877 3030 1947 3076 non
1968 3020 2022 3076 est
2043 3010 2209 3098 exigenda

189 3094 328 3183 spiritus
352 3029 487 3160 &bristi
531 3091 606 3161 iluc
637 3090 766 3163 faciunt
792 3105 944 3161 veterum
972 3095 1172 3182 scriptorum
1226 3092 1427 3180 scrupulosa
1449 3096 1616 3161 enarratio
1641 3096 1788 3161 omnium
1817 3097 2018 3163 debitorum:
2048 3107 2100 3162 est
2122 3096 2210 3162 enim

190 3185 389 3251 sententiae.
403 3186 450 3261 ⁶⁸)
1225 3180 1449 3269 impossibiie,
1470 3183 1561 3249 iuxta
1583 3179 1666 3248 illud
1688 3180 1802 3251 Psalt
1834 3179 1969 3248 Delicta
1991 3183 2065 3269 quis
2088 3179 2209 3249 intelli·

278 3271 434 3337 Secundo
457 3270 613 3350 doceant,
634 3268 725 3355 quod
746 3268 834 3334 sicut
845 3265 1000 3334 Christus
1021 3267 1174 3350 institnit,
1251 3266 1298 3335 'ti
1342 3269 1411 3335 Sed
1432 3279 1543 3337 tamen
1565 3269 1609 3334 ad
1630 3267 1876 3335 Eucharistiam
1905 3287 2004 3337 nemo
2035 3267 2210 3334 admitten-

190 3369 230 3426 ut
261 3369 403 3442 utraque
430 3356 547 3442 specie
577 3365 729 3434 utantur,
771 3355 883 3460 itaque
896 3358 942 3436 ⁶⁴)
980 3355 1174 3423 sumendam
1249 3375 1289 3422 us
1312 3367 1381 3435 est,
1402 3355 1470 3422 uisi
1497 3365 1598 3421 antea
1620 3353 1827 3442 exploratus.
1872 3354 2076 3441 interrogari
2097 3362 2209 3422 autem

191 3455 301 3512 utram
325 3465 368 3510 ue
389 3443 547 3528 speciem.
592 3440 781 3529 Cyprianus
802 3453 865 3521 art,
886 3442 977 3528 quod
998 3462 1063 3508 uec
1083 3441 1174 3507 mini·
1227 3441 1369 3522 debent,
1402 3462 1470 3507 non
1492 3451 1619 3508 tantum
1646 3442 1725 3529 quid
1748 3442 1790 3506 de
1811 3439 2024 3507 Eucharistia
2052 3440 2209 3521 sentiant,

191 3553 282 3599 mum
302 3465 542 3596 discedendum
574 3528 620 3593 sit
644 3549 667 3593 a
688 3526 813 3594 Christi
841 3527 998 3595 mandato
1023 3540 1058 3594 et
1077 3548 1174 3615 prae·
1225 3527 1420 3606 sedetiam,
1448 3548 1490 3593 an
1514 3526 1668 3607 doleant,
1698 3547 1737 3594 se
1758 3545 1943 3611 peccasse,
1967 3525 2057 3614 quod
2070 3529 2115 3605 ⁶⁰)
2138 3546 2211 3592 cre

193 3621 341 3705 scripto,
374 3616 444 3682 Sed
464 3626 575 3682 tamen
597 3613 627 3678 si
649 3613 760 3681 adhuc
782 3611 883 3702 aliqui
905 3613 1024 3681 infirmi
1046 3624 1173 3694 essent,
1226 3618 1308 3682 dant
1333 3635 1372 3681 se
1401 3615 1565 3720 consequi
1596 3631 1700 3701 posse
1727 3612 1957 3678 remissionem
1984 3623 2210 3699 peccatorum.

192 3726 258 3773 uec
280 3705 366 3771 satis
389 3703 519 3782 eruditi,
540 3699 574 3766 bi
592 3700 724 3768 sinendi
746 3711 825 3768 sunt
840 3701 1172 3780 suaecoascieutiae,
1224 3702 1350 3768 Postea
1370 3698 1527 3766 bortundr
1548 3711 1647 3780 sunt,
1681 3708 1720 3765 ut
1740 3711 1950 3786 proponant,
1981 3701 2011 3763 si
2036 3718 2102 3787 quo
2126 3719 2210 3766 casu

193 3804 231 3858 ut
253 3788 360 3858 ultera
383 3789 501 3874 specie
526 3798 654 3856 tantum
683 3798 830 3854 utantur.
872 3786 915 3853 Et
943 3786 999 3854 hic
1029 3787 1172 3854 docendi
1224 3788 1368 3854 maxime
1378 3795 1557 3873 anguntur.
1591 3783 1653 3849 Est
1673 3786 1774 3853 etiam
1792 3786 2099 3874 exponendumeis,
2121 3785 2212 3873 quod

194 3889 274 3945 sunt
294 3876 456 3956 homines,
478 3873 629 3942 nouiter
651 3871 793 3941 alterum
815 3872 948 3940 iudicat.
1224 3872 1319 3941 Deus
1341 3873 1432 3940 dedit
1454 3870 1570 3938 claves
1593 3868 1763 3938 ccclesiae
1784 3874 1859 3939 vice
1881 3883 1914 3939 ct
1936 3872 2015 3940 loco
2036 3871 2119 3952 Dei,
2151 3872 2211 3938 ita-

280 3962 404 4043 Tertio,
427 3961 517 4050 quod
537 3962 680 4028 maxime
702 3960 931 4027 necessarium
950 3970 1013 4041 est,
1034 3961 1172 4028 mandu-
1224 3981 1291 4048 quo
1323 3956 1544 4039 absolutionis
1572 3958 1759 4026 sententiae
1784 3960 1925 4026 credant
1951 3971 2091 4047 propter
2118 3955 2213 4022 Cini-

195 4051 328 4120 catione
349 4044 517 4134 corporali
538 4068 607 4116 non
627 4046 801 4115 iustificari
817 4046 981 4129 homines,
1003 4048 1065 4112 sed
1080 4066 1171 4114 man·
1224 4058 1325 4129 stum,
1347 4056 1381 4112 et
1421 4046 1490 4114 uod
1512 4043 1667 4113 Christus
1688 4045 1805 4113 audire
1826 4042 1926 4126 velit,
1956 4066 2040 4112 sane
2062 4054 2213 4132 sperant,

194 4137 406 4206 ducationem
427 4154 505 4200 esse
525 4136 668 4223 signum,
701 4136 792 4222 quod
821 4155 885 4202 nos
907 4135 1107 4215 admoneat,
1135 4143 1173 4199 ut
1224 4135 1317 4201 iuxta
1334 4067 1432 4199 illui=
1454 4131 1521 4198 Ubi
1540 4131 1605 4199 duo
1630 4145 1728 4200 erunt
1751 4134 1949 4221 congregati
1972 4145 2034 4198 etc.
2052 4135 2096 4209 ⁶⁰)
2204 4125 2210 4137 ‘

195 4225 384 4292 credamus.
398 4224 444 4300 ⁶⁵)
477 4222 688 4310 Augustinus
705 4231 807 4287 vocat
827 4231 1074 4289 sacramentum
1096 4219 1175 4287 visi·
1274 4262 1277 4267 -
1312 4216 1508 4287 Satisiactio
1530 4217 1577 4286 ita
1600 4219 1754 4285 docenda
1775 4233 1841 4299 est,
1864 4240 1932 4284 non
1952 4237 2031 4283 esse
2046 4213 2145 4282 aliem
2161 4234 2213 4282 sas

195 4308 263 4378 bile
272 4310 424 4390 verbum,
446 4308 615 4395 quianon
637 4305 734 4375 aliter
750 4306 853 4374 babet
874 4328 926 4387 se,
948 4327 1047 4394 quam
1064 4308 1174 4393 ipsum
1226 4305 1462 4388 tisiactiouem,
1484 4305 1551 4372 nisi
1567 4306 1761 4393 passionem
1773 4303 1909 4378 Christi,
1934 4317 1967 4371 at
1989 4304 2040 4369 sic
2056 4322 2212 4369 movean-

195 4394 375 4483 corporale
396 4398 545 4461 verbum.
589 4393 635 4460 Ut
656 4398 743 4461 enim
771 4394 805 4459 in
827 4414 942 4460 aurem
969 4393 1079 4478 ipsum
1103 4413 1175 4459 ver·
1227 4405 1283 4460 tur
1304 4404 1338 4460 et
1351 4397 1398 4470 ⁶¹)
1421 4403 1586 4480 augeatur
1607 4393 1657 4458 eis
1672 4396 1717 4470 ⁰²)
1742 4392 1916 4471 contritio,
1943 4399 2119 4477 tantopere
2147 4389 2213 4455 dis-

195 4485 276 4551 bum
298 4483 412 4564 currit,
425 4485 471 4560 ⁶⁶)
503 4472 712 4562 admoneat,
745 4481 797 4547 sio
819 4479 1069 4548 Sacramentum
1102 4499 1176 4545 cur·
1227 4478 1352 4568 plicere
1371 4477 1447 4544 Deo
1471 4491 1665 4566 peccatum,
1698 4489 1734 4544 ut
1756 4476 1851 4544 nulla
1873 4488 2030 4545 creatura
2044 4498 2113 4628 lpro
2134 4495 2213 4627 phec-

195 4570 298 4655 sitii)
319 4570 354 4636 in
377 4567 509 4649 oculos,
529 4579 566 4636 ut
586 4578 720 4635 moneat
736 4587 800 4633 nos
818 4566 1073 4654 promissionum
1094 4567 1176 4632 divi·
1230 4567 1313 4634 catis
1346 4562 1542 4632 satisfacere
1569 4565 1732 4653 potuerit,
1765 4567 1827 4633 sed
1859 4564 1971 4651 ipsum
2003 4584 2044 4629 so
2059 4584 2113 4629 um
2180 4563 2211 4639 ei

195 4676 324 4731 narum,
346 4668 381 4723 ct
402 4656 526 4722 excitet
547 4654 591 4721 ad
609 4655 821 4723 credendum.
865 4650 973 4720 Poma
995 4652 1176 4742 promissio

195 4743 330 4809 adnexa
350 4740 429 4809 huic
451 4741 670 4811 Sacramenta
691 4740 777 4810 haec
798 4750 864 4821 est,
886 4737 1018 4827 Corpus
1039 4737 1177 4807 Domini
1228 4743 1439 4758 ·““““““’““

1229 4847 1278 4914 st)
1296 4842 1434 4911 immissa]
1453 4843 1504 4895 aa
1525 4843 1551 4894 a.
1571 4841 1660 4894 emera.

197 4985 244 5053 ιι)
262 4983 339 5039 conc
357 4984 535 5037 memnon.
557 4987 684 5052 anm
705 4986 735 5037 ιιι
751 4984 828 5036 suu
850 4982 974 5051 corpori·
992 4982 1055 5035 vor.
1072 4980 1180 5036 xxm.
1200 4937 1207 4969 ⁴
1229 4950 1278 5018 Μ’)
1296 4947 1471 5015 mium!
1490 4947 1542 4998 ¹³4·
1560 4949 1585 4999 ²·
1604 4949 1763 5015 ‘mistim

266 5055 315 5106 sub
331 5069 372 5106 ur.
389 5055 425 5107 Χ.
442 5070 571 5108 recusum.
1230 5053 1278 5119 bii)
1295 5048 1378 5119 quod]
1397 5052 1448 5102 ild.
1467 5052 1492 5102 2.
1510 5050 1643 5117 mornado

196 5158 247 5228 bi)
263 5155 364 5226 itaque]
384 5156 418 5210 ui
434 5158 485 5212 Ed.
505 5159 531 5211 2.
549 5156 630 5210 οῦκ.
1230 5155 1279 5224 do)
1298 5163 1324 5207 et
1340 5156 1410 5222 quod
1428 5153 1545 5207 Christus
1562 5181 1598 5194 -
1615 5154 1768 5220 cougregati
1785 5151 1846 5220 ata}
1865 5153 1893 5204 ia
1908 5149 1960 5204 Ed.
1978 5148 2004 5201 i.
2022 5148 2118 5210 dmm,

196 5262 247 5332 bb)
264 5271 294 5314 ut
311 5261 470 5330 credamus]
488 5260 541 5315 Itu.
559 5262 583 5312 i.
601 5266 630 5310 ut
647 5260 789 5326 credamus,
805 5261 883 5313 nobit
900 5260 999 5314 remitti
1014 5266 1132 5330 peccata.
1231 5259 1280 5329 dl)
1298 5265 1452 5311 moveantur
1469 5258 1507 5327 et]
1526 5259 1553 5310 in
1568 5257 1620 5312 Ed
1638 5259 1663 5310 i.
1682 5259 1773 5310 casm
1788 5260 1854 5307 m.

196 5362 887 5436 ddicurritlildi.bcbaetttropasiccminourrit
1232 5363 1281 5434 62)
1299 5363 1562 5433 calliditatem
