4786 6210
403 1587 418 1595 ³
477 1613 539 1764 I.
628 1610 953 1764 LIBRI
1009 1609 1742 1768 VISITATORII

599 1859 871 1947 AUCTORE
901 1859 1167 1947 PHILIPPO
1199 1860 1610 1948 MELANTHONE.
1730 1917 1734 1923 -

303 2148 434 2232 Scriptis
453 2149 635 2230 dogmaticis
657 2149 750 2211 buius
771 2150 922 2222 auctoris,
946 2169 1027 2230 quae
1049 2151 1079 2210 in
1101 2148 1187 2212 voti.
1210 2146 1442 2213 xxi-xxtii.
1466 2150 1560 2224 edidi,
1583 2151 1696 2232 iisque,
1715 2171 1795 2232 quae
1818 2154 1848 2215 in
1864 2153 1962 2216 hocce
1972 2150 2047 2216 vet
2062 2174 2118 2217 ex·

94 2238 219 2309 bibebo,
237 2237 267 2296 in
290 2234 376 2296 voit.
393 2232 511 2299 xiiv.
533 2244 565 2298 et
585 2235 687 2298 XXV.
731 2235 893 2301 Posiiiiam
915 2234 1203 2308 bleianiboniansm,
1226 2257 1306 2316 quae
1327 2237 1367 2298 ad
1388 2256 1482 2318 opera
1499 2239 1658 2317 exegetica
1679 2240 1822 2320 pertinet,
1845 2260 1912 2301 eam
1931 2243 1971 2303 ob
1993 2260 2117 2305 cauum

94 2325 274 2406 interposui,
294 2323 378 2401 quod
394 2324 434 2384 ad
457 2322 564 2396 iibros,
584 2343 663 2404 quos
687 2322 746 2385 boc
766 2322 841 2386 Vol.
866 2324 1040 2393 continebit,
1064 2323 1204 2384 edendos
1221 2323 1367 2385 nonnulla
1387 2322 1573 2384 adminicuto
1593 2332 1666 2387 tunc
1685 2325 1913 2398 desiderabam
1936 2333 2120 2408 quapropter

94 2408 180 2473 iiiam
203 2409 375 2477 Postiiiam,
400 2430 489 2489 qrram
511 2411 541 2470 ia
565 2412 708 2472 extremis
732 2409 823 2471 buius
845 2406 992 2490 Corporis
1015 2407 1232 2470 voluminibus
1258 2410 1350 2471 edere
1372 2410 1585 2481 decreveram,
1612 2412 1697 2491 prius
1721 2414 1805 2492 typis
1829 2414 2024 2475 exscribendi
2048 2433 2117 2476 coa·

94 2497 197 2558 silium
214 2499 292 2577 cepi,
316 2517 353 2556 ne
366 2494 458 2557 boios
471 2493 615 2578 Corporis
633 2496 765 2563 celerius
783 2496 980 2578 promovendi
994 2497 1081 2568 ratio,
1105 2495 1207 2576 qualis
1225 2495 1326 2558 adbuc
1342 2503 1416 2567 erat,
1441 2496 1619 2558 retardando
1638 2504 1814 2575 mutaretur,
1837 2519 1980 2580 sperans,
1998 2518 2116 2580 aequos

94 2585 225 2655 iudices,
250 2585 302 2663 qui
326 2582 522 2643 diiiicniiates
544 2584 650 2646 borum
673 2583 815 2644 librorum
837 2583 1024 2644 edendorum
1052 2584 1266 2663 cognoverint,
1295 2583 1431 2644 ordinem
1453 2584 1633 2664 scriptorum
1656 2584 1898 2666 dogmaticorum
1919 2584 2053 2648 Postulo
2074 2587 2116 2647 irr-

95 2677 262 2750 terruptum
282 2671 330 2730 ob·
344 2669 427 2730 iiiam
451 2689 575 2732 causam
598 2671 679 2733 baud
701 2670 931 2750 improbatores.

307 2839 423 2902 Libros
446 2841 634 2922 dogmaticos
656 2862 692 2904 ac
721 2840 911 2925 symbolicos
935 2860 1013 2902 nunc
1042 2840 1143 2901 denuo
1165 2839 1305 2902 edendos
1333 2841 1524 2903 exordiamur
1543 2864 1562 2903 a
1578 2840 1687 2902 Libris
1715 2844 1921 2915 nisiinteriir,
1950 2845 1981 2904 in
2005 2846 2119 2923 quibus

95 2926 277 2993 Melaatbon
300 2927 455 2988 doctrinae
478 2929 672 3010 erongeiicae
690 2949 839 2990 strrnntam
860 2929 1024 3010 perspicua
1045 2926 1192 2988 brevitate
1211 2927 1390 3009 complexus
1410 2935 1470 2990 esi.
1514 2927 1685 3009 Postquain
1708 2930 1788 2991 enim
1810 2927 1967 2992 liutherus
1986 2931 2058 2991 inde
2079 2932 2118 2992 ab

97 3034 178 3077 anno
204 3018 297 3076 1525.
320 3034 339 3074 a
361 3011 493 3075 iohanne
516 3013 657 3096 Princ³pe
679 3015 823 3078 Eieciore
844 3014 958 3077 Saxon.
978 3015 1085 3075 iterum
1107 3014 1278 3092 iterumque
1295 3015 1439 3096 petierat,
1464 3020 1497 3076 ui
1524 3013 1725 3077 ecclesiarum
1748 3016 1955 3078 visitationem
1981 3017 2119 3078 institue·

98 3108 156 3172 ret,
180 3101 301 3162 tandem
318 3120 398 3160 anno
421 3103 510 3167 loti.
533 3123 641 3164 mense
663 3100 751 3176 iuiio,
773 3101 926 3164 Eiectoris
950 3102 1050 3170 iussu,
1073 3100 1103 3160 in
1126 3097 1293 3181 Thuringis
1315 3102 1437 3182 incepta
1459 3104 1554 3179 est‘)
1576 3102 1746 3162 secundum
1765 3103 1995 3166 instructionem
2013 3104 2119 3163 visita·

98 3189 219 3249 toribus
243 3187 417 3266 daianr.⁶')
452 3188 495 3250 Ut
516 3187 592 3249 baec
614 3207 666 3250 res
688 3191 810 3250 maximi
832 3189 976 3249 momenti
1000 3188 1079 3247 bene
1101 3187 1291 3267 procederet,
1314 3195 1407 3267 nique
1428 3188 1577 3249 docentes
1607 3189 1636 3248 io
1668 3187 1813 3249 ecclesiis
1835 3187 1940 3249 barum
1964 3190 2119 3268 regionum

99 3281 184 3335 certo
202 3274 325 3344 scirent,
350 3274 424 3351 quid
445 3276 535 3354 sequi
554 3274 710 3348 deberent,
733 3296 794 3337 neu
817 3276 939 3336 diversa
961 3281 993 3334 ei
1013 3271 1213 3334 dissentanea
1229 3272 1425 3345 traderentur,
1444 3273 1636 3336 Melantboni
1653 3274 1850 3337 nbElectore
1872 3274 2046 3338 mandatum
2059 3280 2117 3346 est,

99 3365 135 3421 ut
151 3358 319 3436 scrinulum
341 3358 506 3422 doctrinae
526 3382 566 3422 oc
587 3364 701 3423 rituum
723 3362 937 3423 conscriberet
1016 3372 1026 3391 ’“

307 3533 376 3608 Quo
399 3534 679 3596 iussucommoius
701 3532 880 3597 bisianibon
911 3534 972 3595 duo
995 3534 1121 3615 scripsit
1142 3533 1338 3615 compendia,
1367 3533 1398 3594 in
1427 3532 1542 3613 quibus
1564 3531 1721 3594 doctrinae
1749 3532 1947 3612 evangelicoe
1968 3551 2119 3593 sommam

99 3615 279 3764 ἷοωξῐειοιιε
303 3625 479 3765 ‘avons'
495 3621 626 3767 {dudm
648 3620 755 3769 daig?
777 3620 903 3768 ῗιΙῖῖηιιη
926 3619 1275 3768 ρὲοῐιίιιεέινηιαῦἰοιε.1
1298 3617 1560 3769 Uffiffduepdibri
1578 3621 1776 3765 meptionen}1
1778 3618 1855 3768 sachi
1872 3621 1901 3680 in
1921 3617 2058 3765 ξῖιίείοΙε
2079 3616 2120 3677 ad

115 3722 204 3764 oac.
256 3723 432 3766 amerartum
600 3727 646 3768 ec.
752 3750 761 3768 .
805 3727 855 3767 aa
892 3728 920 3767 m
961 3727 1030 3768 nius
1083 3727 1148 3771 o.
1199 3727 1285 3767 o..
1331 3750 1338 3766 .
1424 3753 1430 3766 .
1488 3724 1628 3766 recavet
1651 3725 1695 3766 rs:
1727 3750 1748 3777 „
1779 3723 1992 3775 tenere,
2049 3723 2121 3766 uem

98 3790 151 3850 edi
174 3788 311 3869 postulet
331 3791 533 3872 Spengierus,
557 3795 659 3856 estin
681 3792 761 3866 auia,
785 3801 826 3865 et,
844 3708 1012 3873 utsopinor,
1036 3727 1152 3854 ededdr.
1199 3725 1332 3867 Quidadd
1355 3712 1446 3853 alius)
1459 3790 1584 3862 similis,
1608 3790 1667 3853 sed
1690 3793 1809 3854 brevior
1821 3792 1975 3872 aliquanto
1994 3723 2118 3859 iadnus,

97 3877 224 3936 minime
245 3878 276 3934 in
295 3875 353 3937 boc
375 3886 408 3940 ut
432 3879 572 3941 ederetur
593 3881 742 3961 scriptus,
775 3880 973 3958 Wiiebergae
991 3900 1041 3939 me
1063 3881 1161 3940 inscio
1180 3898 1315 3940 excusus
1333 3885 1398 3951 est,
1428 3898 1518 3960 quem
1549 3877 1625 3939 nibil
1649 3879 1755 3943 dubito
1782 3878 1820 3939 ad
1843 3898 1901 3940 vos
1924 3878 2115 3958 pervenisse.

94 3960 185 4025 Nibii
207 3961 310 4035 babet,
332 3965 392 4024 nisi
416 3965 737 4047 quandampueriiem
761 3964 939 4047 κατῆχῃσιν,
968 3972 1002 4027 ut
1030 3966 1073 4028 ita
1098 3965 1213 4038 dicam,
1243 3963 1435 4027 Christianae
1457 3964 1625 4044 religionis.
1668 3963 1711 4027 ut
1732 3971 1832 4026 minen
1856 3963 1907 4025 bio
1933 3970 1994 4025 tarn
2016 3962 2119 4024 brevis

97 4047 225 4111 libellus
245 4067 323 4128 quas
345 4052 519 4131 tragoedias
542 4052 699 4114 excitavit!
746 4050 930 4134 Composuit
951 4052 1074 4132 quidam
1096 4073 1115 4112 e
1133 4053 1332 4132 nostrum)
1359 4053 1554 4133 peracerbum
1577 4071 1655 4114 sane
1678 4070 1837 4112 censuram
1861 4051 1890 4110 in
1913 4048 1945 4111 id
1962 4050 2118 4130 scriptum.

95 4131 140 4197 Et
162 4128 292 4216 expedio
315 4137 354 4198 ab
373 4157 411 4197 eo
433 4141 633 4204 acerbiorem.
655 4174 692 4189 ·-
719 4175 758 4189 -
787 4138 1015 4220 Reprehendit,
1042 4138 1125 4219 quod
1153 4159 1213 4201 nou
1237 4139 1362 4200 doceant
1386 4137 1520 4201 incboari
1544 4139 1760 4220 poeniteutiam
1785 4138 1824 4199 ab
1848 4155 1949 4196 amore
1972 4136 2118 4208 iustitiae,

208 4430 312 4493 ’Ποία
330 4435 398 4488 enim
416 4433 540 4488 Eiectoris
558 4431 620 4485 ditio
635 4432 712 4486 baius
730 4396 884 4486 visitationis
901 4432 985 4495 gratia
1007 4433 1046 4486 sic
1068 4432 1110 4486 esi
1127 4431 1222 4486 divisa:
1252 4435 1274 4485 i.
1292 4432 1442 4495 thuringie,
1471 4433 1498 4486 a.
1512 4430 1672 4484 Eiectoraius
1695 4432 1723 4482 et
1738 4427 1844 4493 itisnia,
1868 4427 2072 4483 abstuleritis
2091 4432 2119 4482 et
2223 4464 2228 4473 .

253 4502 426 4572 iioigtiandia,
443 4505 468 4556 i.
487 4501 635 4556 franconia
670 4501 771 4555 Primae
790 4501 904 4564 tertona
919 4502 1046 4556 ecciesiae
1065 4515 1089 4554 a.
1104 4503 1179 4555 itit.
1199 4514 1215 4554 a
1232 4502 1367 4565 Tbeoiogis
1385 4502 1447 4555 Pirit
1464 4501 1638 4563 iiciantirone,
1654 4499 1782 4552 friderico
1800 4498 1922 4560 iiveonio,
1939 4499 2009 4551 iusto
2027 4499 2118 4559 iienio,

254 4575 332 4636 atque
351 4572 508 4626 consiiiariis
533 4572 610 4624 Eieet.
629 4572 741 4624 iohanne
759 4584 776 4623 a
792 4571 919 4631 Piaunitz,
935 4573 977 4625 itr.
997 4573 1151 4633 Hieronymo
1170 4571 1286 4624 seboriio
1303 4576 1330 4622 ei
1348 4571 1454 4622 Erasmo
1476 4582 1491 4621 a
1510 4569 1642 4629 iiaognitz
1660 4568 1779 4621 visitatae
1799 4571 1875 4628 sont;
1898 4570 1924 4621 in
1942 4567 2058 4620 secunda
2075 4579 2117 4619 re·

254 4639 332 4702 sione
349 4643 461 4696 visitatio
478 4654 501 4694 a.
521 4642 597 4693 tots.
617 4639 717 4703 incepta
736 4644 777 4693 est
795 4652 810 4691 a
828 4641 966 4703 ibeoiogis
984 4642 1056 4693 biart
1075 4641 1200 4702 bothero,
1217 4640 1269 4693 iob.
1287 4639 1501 4700 Bugenbagenio,
1519 4638 1589 4689 iusto
1607 4638 1677 4699 iona,
1695 4643 1774 4702 atque
1793 4637 1906 4689 iobanne
1923 4638 2049 4695 tietzsm,
2072 4637 2116 4692 iir.

254 4709 393 4765 benedicto
410 4711 491 4771 Pauii,
509 4709 658 4763 Bembsrdo
675 4723 692 4762 a
707 4708 871 4773 iiirscbieid,
888 4710 1001 4763 iohanne
1019 4723 1034 4763 a
1052 4709 1239 4772 Taobeniteim;
1263 4709 1355 4761 tertiae
1380 4707 1495 4769 regionis
1513 4706 1626 4760 visitatio
1642 4707 1676 4760 ab
1695 4707 1811 4760 Eiectore
1829 4707 1953 4761 mutuata
1978 4713 2021 4758 est
2037 4706 2117 4757 iiico·

254 4777 322 4840 logis
339 4779 449 4843 Georvio
468 4779 616 4842 spalatino,
645 4778 753 4831 Antonio
770 4779 868 4842 tiosae,
886 4778 1051 4842 woiigangio
1068 4779 1166 4839 iussio,
1183 4784 1260 4842 atque
1280 4775 1438 4828 consiliariis
1456 4775 1566 4838 toarcio
1584 4774 1685 4829 Barono
1703 4789 1720 4828 a
1736 4774 1908 4839 wiidenteis,
1930 4775 2117 4827 sebastiensi

255 4846 410 4912 Koctteritz,
427 4848 525 4903 banieii
543 4861 559 4900 a
577 4847 704 4905 retttisrit
721 4847 835 4900 Eobaido
854 4861 869 4900 a
888 4847 1083 4910 brandrnsiein,
1101 4847 1209 4898 iienrioo
1226 4845 1260 4898 ab
1277 4844 1415 4903 Einsiedei.
1431 4845 1541 4899 biterico
1559 4858 1575 4897 n
1593 4843 1774 4908 §matheriem
1793 4843 1904 4909 denique
1923 4844 1950 4895 in
1959 4843 2116 4896 franconiae

254 4926 344 4983 parte,
356 4930 422 4983 qnae
440 4917 475 4970 ed
492 4917 615 4971 Eiectoris
632 4916 755 4969 ditionem
773 4910 928 4979 perimebat
945 4916 1092 4970 visitatores
1110 4915 1217 4967 inerunt
1232 4913 1354 4976 ibeoiosi
1371 4914 1490 4968 iiicoiaus
1509 4914 1583 4976 Kind,
1600 4915 1654 4970 iob.
1673 4913 1815 4977 Langerus,
1833 4914 1971 4967 iiaitbrstr
1980 4913 2116 4975 tituenus,

254 4984 398 5108 mmm
414 4988 466 5110 'CL
483 5000 500 5039 a
516 4986 667 5110 sufficerit,
684 4986 738 5039 iob.
758 4986 854 5048 sonori,
872 4985 1004 5048 sylvester
1020 4998 1037 5037 a
1055 4984 1242 5047 scmumburs.
1276 4985 1319 5037 sic
1335 4982 1444 5038 caroius
1461 4984 1558 5038 weber
1574 4985 1602 5037 in
1618 4983 1741 5038 Edit-ionis
1759 4983 1826 5036 inmo
1845 4981 2022 5041 mcensendae
2041 4993 2117 5046 prce·

319 5069 352 5109 ne
369 5069 394 5120 p.
411 5059 427 5110 ²
449 5057 557 5109 -ibv
590 5059 686 5109 tutores
703 5065 798 5108 enume
823 5057 858 5108 ai.

198 5150 239 5220 ⁸⁸)
255 5156 325 5212 ilaec
341 5159 476 5214 instructio
492 5159 597 5221 temtor
612 5157 639 5211 in
656 5157 760 5213 Weberi
777 5157 937 5224 pmenbone
954 5158 1032 5213 modo
1049 5157 1155 5212 baisio
1174 5168 1200 5221 p.
1220 5158 1251 5210 tr
1271 5168 1327 5224 sco.

184 5253 240 5329 a.)
256 5258 360 5316 ioman
378 5262 630 5328 imminuentur,

270 5361 419 5409 naama.
433 5365 517 5410 orsa.
532 5363 596 5410 voa.
610 5363 691 5410 xxrr.
