4808 6204
641 407 753 480 run.
774 406 881 479 nan.
905 403 1096 479 scamus
1115 404 1388 476 noansncs
1408 404 1466 475 aa
1487 403 1765 477 suessonica
1859 364 1863 372 ’

399 603 430 676 a)
449 604 525 678 quoi
542 594 702 677 Principes
726 592 940 676 Civitatesque
963 592 1164 657 confessioni
1183 594 1212 655 d.
1232 596 1284 657 23.
1307 591 1383 657 lunii
1405 599 1496 658 1530.
1513 594 1713 678 Copfessioni
1734 598 1988 685 subscripserint,
2007 608 2038 663 et

399 705 433 779 h)
451 701 608 782 mornado
630 702 668 762 ah
687 701 764 783 ipsis
787 699 956 780 Legatisve
978 701 1090 760 factum
1108 699 1160 764 sia

191 848 241 911 De
256 845 364 927 priori
380 843 486 904 harum
510 841 723 919 quaestionum
742 838 933 900 observanda
950 844 1023 898 suot
1040 838 1217 898 testimonia
1234 836 1382 898 historica
1397 838 1560 901 Lutheri
1582 846 1615 902 st
1631 847 1880 912 coaetaneorum,
1905 861 1945 904 ex
1973 843 2086 923 quihus
2111 842 2219 907 elucet

191 935 289 998 hosce
307 931 469 1010 Principes
492 948 527 988 ac
547 924 699 990 Civitates
722 924 775 986 illo
795 925 845 986 die
864 921 1063 985 Confessioni
1082 924 1327 1005 subscripsisse:
1347 921 1549 987 iohannem
1567 925 1741 989 Electorem
1763 927 1933 1001 Summae,
1963 931 2092 1011 eiusque
2117 930 2218 993 lilium

190 1019 402 1084 lohannem
424 1015 659 1077 Fridericum
678 1011 796 1073 Ducem
827 1010 998 1080 Saxoniae,
1024 1008 1233 1090 Georgium
1255 1009 1463 1072 Marchioncm
1485 1012 1794 1094 Brundenhurgicum‚
1817 1014 2020 1078 Ernestum
2045 1024 2078 1078 et
2099 1016 2217 1080 Fran·

192 1109 336 1172 ciscum
353 1103 460 1166 Duces
490 1101 737 1162 Brunsuicenses
766 1105 797 1160 et
829 1096 1107 1180 Luneburgeuses,
1131 1094 1356 1179 Philippum
1386 1097 1609 1179 Landgravium
1637 1101 1789 1174 Hessius,
1822 1101 2092 1184 wolfgangum
2126 1092 2219 1165 Prin'.

192 1191 523 1277 cipemAnhaltinum‚
542 1195 635 1267 atque
660 1185 798 1267 Legatos
827 1181 992 1247 Civitatum
1020 1183 1370 1264 Norimbergensis
1404 1193 1436 1247 et
1465 1185 1831 1269 Reutliugensis.⁸)
1850 1224 1892 1235 —
1913 1188 2023 1250 Altero
2056 1192 2204 1272 quaestio

190 1279 346 1364 monsedo
364 1278 407 1339 illi
426 1276 677 1356 subscripserint,
695 1270 836 1352 exemplo
854 1270 1030 1333 authentico
1049 1267 1267 1331 Confessionis
1285 1271 1454 1352 deperdito,
1478 1292 1516 1334 eo
1535 1280 1649 1335 tentum
1668 1275 1870 1337 dissolvenda
1891 1281 1959 1346 est,
1983 1277 2066 1356 quod
2088 1236 2216 1341 investi1

190 1375 291 1450 gatar,
310 1364 462 1446 quomodo
486 1362 557 1422 aliis
576 1360 767 1422 documentis
789 1358 890 1419 adhuc
908 1359 1076 1418 asservatis
1094 1357 1154 1437 ipsi
1177 1359 1427 1439 subscripserint.
1471 1358 1521 1421 Ex
1538 1361 1689 1423 eiusmodi
1714 1362 1949 1442 investigatione
1978 1365 2216 1427 accuratissime

58 1462 63 1471 '
189 1454 396 1516 aWebero
420 1455 567 1529 suscepta
600 1455 632 1509 et
653 1446 675 1508 l.
697 1445 718 1508 l.
740 1443 764 1508 l.
784 1465 813 1524 p.
840 1445 1042 1512 aia-283,
1079 1444 1140 1506 289
1169 1462 1224 1524 sq..
1254 1447 1426 1526 proposita,
1456 1446 1569 1509 additis
1602 1448 1785 1528 huaginihus
1814 1450 2073 1531 subscriptionum
2102 1450 2216 1514 horum

190 1538 381 1620 Principum,
400 1536 502 1599 elucet
524 1538 612 1617 ipsos
628 1536 677 1594 sic
698 1531 945 1611 subscripsisser

395 1673 601 1736 lohannem
618 1671 793 1736 Electorem
816 1668 984 1730 Saxoniaes
1007 1668 1120 1743 tutans
1143 1668 1173 1727 Κ
1443 1694 1448 1704 ·
1574 1720 1576 1725 ,

396 1759 602 1824 iohannem
624 1757 870 1818 Fridericum
892 1753 1012 1815 Ducem
1034 1752 1202 1818 Saxonias:
1221 1752 1361 1830 ΜΗΘ
1379 1775 1406 1819 ιιι
1423 1769 1460 1833 pp
1480 1758 1520 1835 fit
1539 1756 1574 1837 [ι.
1600 1777 1627 1817 e.
1649 1759 1732 1831 bans
1750 1758 1888 1839 &rietatis
1905 1763 2014 1845 betgue
2032 1782 2065 1846 pa
2086 1762 2215 1844 &amisa

440 1867 530 1909 manu
547 1846 668 1928 propria
689 1843 889 1924 subscripsit]

397 1935 602 2036 Georgium
611 1929 832 2097 ffpparchippem
855 1927 1043 1989 Braudeub.:
1068 1929 1149 2007 (bstp
1179 1927 1252 2004 [ssu
1273 1926 1378 2006 Crotip
1408 1924 1473 2007 (sel
1496 1928 1606 2009 Carta,
1631 1931 1734 2013 δοιὼ,
1748 1930 1846 2012 herig)
1875 1940 2019 2018 metggmp
2044 1942 2092 2015 ια]
2116 1936 2213 2004 Μ,

461 2041 493 2082 ro
536 2040 580 2080 rra
690 2036 718 2081 s.
784 2027 835 2080 ιιι

395 2042 468 2173 Erh
479 2040 609 2168 egpump
623 2022 749 2165 Duhend
761 2019 954 2181 hundhnrgm
978 2102 1058 2174 Croti
1075 2103 1184 2175 mppria

394 2193 643 2258 Frauclscum
661 2188 781 2252 Ducem
798 2187 990 2268 Luneburg.:
1011 2187 1105 2267 bians
1123 2207 1152 2250 aa
1169 2188 1250 2262 putta

396 2280 618 2362 Philippum
640 2277 863 2357 Landgravium
885 2273 1037 2336 llassiae=
1060 2273 1167 2354 philipi
1184 2275 1196 2336 1
1218 2273 1345 2356 philisa
1364 2274 1396 2352 lit
1417 2272 1449 2351 [i.
1472 2293 1500 2333 e.
1518 2277 1662 2354 banbprsf
1679 2296 1711 2359 gu
1729 2279 1825 2356 beffos
1843 2277 2045 2360 subscripsit]

396 2365 670 2446 wolfgangum
691 2361 863 2444 Principem
895 2358 1109 2422 Anhaltinum:
1136 2360 1206 2435 moti
1231 2359 1311 2437 basi
1335 2379 1374 2443 pm
1403 2360 1500 2440 subsit
1529 2363 1631 2427 metuet
1647 2361 1729 2443 baut
1758 2367 1833 2444 [seu
1856 2365 1922 2436 itm
1944 2387 1956 2449 p
1977 2366 2005 2431 ‘a
2023 2366 2056 2446 (i.
2080 2385 2108 2427 e.
2127 2366 2213 2446 &tait

397 2451 734 2604 Alffdlftdlnwddtndldh
756 2530 908 2596 Comitem
930 2528 1145 2601 Msusfeldias,
1174 2531 1215 2593 de
1243 2548 1303 2611 quo
1328 2532 1452 2596 dubium
1481 2541 1547 2606 est,
1580 2555 1618 2596 an
1648 2535 1720 2597 item
1751 2532 1950 2598 confessioni
1977 2537 2210 2620 subscripserit,

440 2626 504 2689 sic:
528 2625 654 2702 itiiteript
673 2624 777 2687 Casus
795 2640 833 2703 pm
852 2621 1004 2698 bisatida

346 2764 395 2826 Ab
414 2763 463 2825 his
485 2759 763 2841 subscriptionibus
785 2777 876 2818 mona
892 2757 1029 2836 propria
1051 2753 1224 2838 Principum
1243 2757 1374 2819 exemtis
1402 2757 1638 2839 distinguendae
1665 2767 1775 2821 snnta
1806 2762 1918 2823 scribis
1952 2757 2211 2825 cancellariorum

190 2854 290 2915 faciae
308 2851 695 2929 (Concepttuairsfditiften),
719 2846 832 2926 quippe
856 2861 936 2923 quse
965 2841 1147 2924 plemmque
1178 2844 1217 2905 ah
1240 2841 1303 2904 illis
1326 2844 1471 2907 diversae
1488 2852 1571 2907 sumt.
1590 2844 1623 2906 lu
1663 2847 1778 2929 scripto
1802 2848 1897 2918 enim,
1928 2848 2011 2927 quod
2032 2845 2211 2931 Principum

190 2938 434 3020 evangelicorum
451 2935 490 2997 sd
513 2934 681 2996 Caesarem
703 2949 888 3012 responsum
919 2928 959 2990 de
977 2930 1176 2992 concionibus
1194 2929 1233 2990 ab
1251 2929 1305 2992 illo
1323 2931 1426 2994 vetitis
1446 2932 1597 3002 continet,
1621 2952 1788 3014 eorumque
1816 2934 1905 2995 iussu
1927 2953 1946 2994 a
1968 2936 2080 2997 scribis
2105 2954 2211 2998 exus·

189 3033 254 3090 mm
276 3032 327 3088 est
344 3026 604 3104 (originariam
621 3021 650 3080 io
669 3017 804 3081 Archivo
826 3017 1039 3089 Wimariensi)
1056 3017 1104 3077 sic
1129 3016 1323 3098 inscriptum:
1347 3023 1394 3082 aes
1419 3018 1500 3097 abac
1527 3023 1580 3083 ons
1603 3020 1716 3097 norim
1743 3021 1876 3085 animet
1905 3014 1955 3100 ιιι
1976 3023 2023 3086 ιιι
2048 3024 2112 3096 aas
2142 3025 2212 3087 nias

190 3116 288 3192 sepem
306 3116 359 3177 bas
377 3115 402 3176 ir
422 3116 504 3187 auti.
524 3112 577 3175 nub
597 3115 616 3185 i.
635 3127 663 3186 p.
683 3109 753 3181 uidit
772 3107 853 3183 faties
872 3103 1000 3183 uictima
1018 3106 1102 3180 issico
1125 3121 1150 3167 ιι
1173 3105 1422 3185 subscriptiones
1455 3103 1575 3166 illorum
1599 3106 1734 3186 quinque
1755 3108 1942 3189 principum,
1973 3126 2050 3188 quas
2084 3106 2210 3189 Corpus

189 3196 361 3263 Brsndeub.
375 3204 406 3260 et
416 3195 510 3258 Liber
528 3191 719 3256 Concordiae
731 3192 759 3252 in
773 3191 832 3252 tine
844 3187 1041 3271 Augustanus
1053 3185 1271 3252 Confessionis
1284 3189 1438 3264 exhibent,
1451 3199 1547 3270 (teste
1558 3192 1725 3255 Webero
1745 3191 1766 3254 l.
1778 3192 1799 3255 i.
1811 3191 1834 3254 1.
1847 3214 1876 3274 p.
1891 3196 1980 3275 tis.)
1990 3195 2038 3256 sic
2048 3193 2209 3276 legunturr

397 3336 511 3412 {iubant
534 3342 636 3412 bethsa
655 3352 686 3413 pu
707 3331 814 3407 [adnm
833 3338 886 3401 aab
910 3330 1093 3404 battualia.

396 3424 491 3499 birote
509 3423 650 3498 marppror'
666 3438 698 3498 pu
717 3415 921 3493 Ptonbrnbutp
940 3433 975 3479 ιι.

397 3509 478 3586 brui
496 3508 597 3586 beraea
615 3525 648 3588 pi
666 3504 894 3580 Crouaiibmeipi
910 3501 964 3564 aab
982 3501 1147 3577 thornburg

397 3596 513 3674 tlibiiips
533 3595 659 3671 ianigtof
676 3610 707 3671 pt
723 3590 797 3665 brit

397 3683 480 3753 tuen
494 3683 554 3756 ficit
573 3685 649 3758 [typ.
668 3695 725 3736 err.
744 3693 798 3756 pro
821 3674 920 3750 frisii}
940 3693 971 3754 pi
991 3674 1099 3750 babuit

345 3816 423 3880 Cum
444 3819 647 3897 Augustanus
665 3810 882 3876 Confessionis
899 3808 1072 3891 exemplum
1092 3804 1299 3873 authenticum
1317 3826 1336 3869 a
1353 3806 1546 3890 Principibus
1568 3830 1659 3872 manu
1676 3812 1796 3893 propria
1811 3814 2017 3894 subscriptum
2033 3813 2086 3884 sit,
2098 3832 2208 3875 couse-

189 3908 291 3990 quitur
308 3925 413 3968 eorum
430 3904 673 3984 subscriptiones
691 3900 841 3980 genuinas
864 3916 932 3958 cum
956 3894 1020 3957 illis
1051 3897 1246 3976 congruisse,
1280 3914 1358 3975 quas
1382 3896 1472 3976 priori
1500 3895 1571 3959 loco
1592 3899 1824 3980 proposuimus,
1855 3918 1914 3961 non
1937 3921 2006 3962 cum
2029 3898 2096 3971 his,
2125 3918 2208 3983 quas

188 3995 309 4058 scribae
326 4012 429 4054 eorum
452 3992 573 4051 nomine
596 3993 764 4049 exararunt.

343 4077 391 4140 Ex
414 4078 464 4138 his
483 4075 595 4146 elucet,
618 4072 863 4153 subscriptiones
887 4069 915 4129 in
934 4064 1071 4148 Corpore
1090 4066 1355 4147 Braudenburgico
1379 4075 1411 4129 et
1427 4066 1521 4131 Libro
1539 4065 1730 4132 Concordiae
1752 4068 1904 4133 exhibitas
1929 4091 2030 4152 oeque
2058 4071 2211 4135 historice

188 4186 290 4249 neque
312 4164 506 4246 diplomatice
523 4181 611 4222 veras
634 4178 724 4229 esse,
748 4159 889 4239 quonism
911 4164 970 4216 ne'c
989 4174 1056 4215 cum
1086 4154 1269 4215 testimoniis
1295 4153 1450 4216 historicis
1476 4154 1515 4216 de
1543 4175 1667 4218 numero
1697 4155 1888 4239 Principum,
1918 4158 1972 4239 qui
2002 4155 2209 4223 &nieutona

192 4257 283 4320 1530.
306 4251 572 4332 subscripsemnt,
595 4266 653 4308 nee
675 4264 743 4305 cum
763 4243 889 4314 ratione,
912 4260 972 4321 qua
990 4240 1151 4321 Principes
1173 4239 1370 4303 subscribere
1392 4240 1476 4301 soliti
1499 4248 1588 4314 sunt,
1612 4243 1811 4307 consentiant.

343 4339 428 4400 llaec
445 4336 565 4413 longior
587 4332 740 4414 Corporis
761 4326 1041 4408 Brandcrrdarpici
1063 4332 1094 4387 et
1116 4325 1208 4387 Libri
1226 4324 1426 4390 Concordiae
1453 4326 1618 4410 descriptio
1646 4349 1697 4391 ms
1723 4329 1884 4403 defendet,
1913 4331 1942 4392 si
1971 4331 2041 4411 quis
2069 4331 2208 4405 miretur,

189 4425 272 4508 quod
288 4427 319 4486 iu
337 4425 480 4489 Editione
505 4441 573 4483 mea
595 4417 812 4482 Confessionis
832 4417 936 4477 critica
953 4413 1060 4475 horum
1077 4412 1222 4476 librorum
1239 4411 1354 4475 nullam
1376 4412 1475 4475 habeo
1497 4415 1653 4489 rationem,
1671 4422 1703 4476 et
1719 4415 1789 4478 sola
1809 4415 1955 4480 Editioue
1971 4415 2209 4480 Weberisns

188 4532 260 4574 vers
278 4513 383 4575 critica
401 4511 534 4574 Codicis
553 4507 735 4587 Mopaniini
753 4512 829 4565 utor.
863 4500 999 4581 Signabo
1023 4499 1104 4560 huuc
1121 4495 1282 4571 Codiesm,
1298 4500 1350 4580 qui
1368 4500 1488 4563 nonnisi
1506 4500 1713 4583 apographum
1730 4502 1896 4585 apographi
1918 4510 1979 4577 est,
1997 4503 2092 4584 siglas
2115 4503 2206 4587 Moy,

293 4720 306 4747 0
563 4719 569 4730 ·
1000 4710 1005 4720 ⁴
1503 4720 1506 4729 .

310 4722 509 4842 'titiis
522 4708 1262 4849 inlisisinlisisafranbritani
1279 4706 1588 4840 illidiialffll
1600 4709 2209 4836 nuntiilarentiniana:

343 4857 452 4920 tatione,
470 4868 546 4922 quem
566 4851 883 4907 examinatorium.
902 4848 1017 4902 hallensi
1033 4848 1059 4899 in
1078 4846 1197 4899 manibus
1214 4846 1312 4898 habeo:
1338 4846 1551 4902 obseruationes
1573 4847 1729 4904 historicas
1751 4854 1780 4904 st
1801 4849 1920 4906 crimus
1940 4847 2209 4914 sombernione

343 4929 523 4990 duossimus
540 4922 730 4989 consessionis
746 4920 787 4973 sd
802 4917 1024 4982 disputationes
1040 4913 1239 4979 mensuralem
1250 4925 1309 4978 pro
1326 4915 1520 4978 comsanensis
1537 4917 1669 4980 nesam
1684 4919 1714 4972 is
1726 4917 1909 4984 psiiosopsia
1930 4920 2038 4976 sonore
2061 4917 2209 4985 aum,

343 4993 448 5049 imbris
464 5006 500 5048 ac
517 4994 598 5046 iussa
614 4989 744 5045 seoeooio
762 4988 931 5052 Amplissbsi
948 4983 1060 5040 orsiesis
1077 4983 1269 5048 Philosophia
1284 4984 1315 5039 is
1338 4983 1486 5041 Academia
1509 4985 1646 5051 iiiorliao
1667 4988 1720 5042 sai
1739 4987 1932 5044 msmrmsiss
1953 4989 2105 5045 losssts
2129 4988 2208 5042 iia.

342 5063 435 5118 nidis
462 5061 606 5117 lioeieri
628 5062 660 5115 Ρ.
683 5060 716 5112 Ρ.
740 5083 774 5093 --
795 5057 859 5120 ipso
877 5055 924 5110 die
945 5053 1162 5118 absorptionis
1185 5053 1271 5108 istius
1293 5053 1421 5108 seculari
1449 5054 1573 5110 secundo
1599 5057 1651 5119 nsi
1677 5060 1721 5111 esi
1743 5055 1771 5113 ri
1794 5059 1886 5114 ΧΧΗΙ,
1915 5058 1993 5113 lunii
2013 5056 2206 5115 uncum,

340 5132 453 5199 patticc
480 5127 637 5185 amendam
662 5125 861 5183 submmistrat
887 5124 1029 5178 distans
1054 5123 1295 5180 Setosiissss
1317 5123 1409 5179 Becis
1433 5124 1679 5190 Νοιιιιιινιιειιιιι.
1715 5127 1799 5191 iupis
1821 5128 1917 5192 Massi
1939 5118 2067 5183 nubtis
2089 5126 2207 5190 Μαι,

344 5204 378 5255 36
396 5213 473 5267 nass·
495 5200 539 5262 ⁴⁰.
555 5200 582 5252 m
599 5210 649 5262 ou·
667 5199 757 5250 sueto
774 5207 848 5248 susm
872 5193 1027 5248 sententium
1046 5205 1070 5258 a·
1092 5190 1122 5241 ¹⁰
1140 5204 1179 5256 sq.
1195 5193 1220 5257 s
1238 5193 1280 5247 ii·
1302 5192 1416 5247 areum
1439 5194 1477 5247 ste
1506 5196 1649 5260 numnis:
1676 5196 1882 5260 „rrrnmvmm
1908 5199 1937 5250 s.
1955 5197 1981 5250 c.
1998 5195 2207 5259 summarum

343 5282 452 5326 numero
468 5269 561 5333 miso,
577 5267 624 5321 sed
642 5267 747 5321 sonim
761 5261 847 5328 tidem
864 5262 908 5317 rei
919 5265 1030 5327 assiae,
1049 5262 1202 5315 adiiciuntur
1217 5262 1380 5318 lohannes
1398 5263 1597 5326 fridericus,
1621 5266 1677 5318 linx
1694 5266 1820 5320 monins
1843 5269 1870 5321 et
1891 5267 1988 5321 haeres
2010 5264 2207 5330 septemvirsiis

344 5339 476 5404 disntutis
494 5351 525 5392 sc
543 5337 654 5399 ditionis,
671 5334 883 5395 transistus,
900 5333 956 5385 bus
972 5330 1175 5395 Luuebursicua
1193 5333 1405 5396 sisibertus,
1423 5333 1516 5387 comes
1534 5333 1568 5386 de
1584 5333 1726 5395 iisustsid.
1744 5336 1770 5388 in
1788 5335 1876 5391 multis
1893 5348 1925 5390 sc
1940 5336 2019 5391 rsrtb
2035 5334 2108 5391 libris
2126 5335 2154 5388 A.
2172 5333 2204 5388 α

342 5408 432 5474 basus
449 5409 602 5465 &suismet
618 5410 646 5459 st
662 5405 751 5460 hstias
768 5401 835 5467 arob
852 5399 1014 5464 smubtts.“
