4786 6210
154 358 253 425 ‘125-
742 358 780 428 il.
823 361 864 427 Β.
908 359 1157 429 CONFESSIO
1181 358 1459 429 AUGUSTANA
1481 360 1594 429 lPSA.
2110 363 2177 430 226

154 550 178 613 1.
200 546 263 614 ii.
287 570 315 631 p.
330 554 465 613 'iil-81.
484 558 516 613 et
538 572 556 612 a
573 550 876 614 Poerstemanuo
898 551 918 613 l.
941 550 963 613 l.
982 549 1005 612 l.
1028 572 1055 634 p.
1070 557 1194 633 iiisq.
1218 553 1392 634 descriptus
1411 560 1443 615 et
1463 555 1502 614 ab
1520 561 1648 635 unoque
1671 574 1739 615 cum
1760 551 1820 615 Ed.
1836 560 1862 614 i.
1886 552 2095 614 Melauihonis
2114 553 2174 615 col·

154 638 238 700 latus
268 644 336 709 est,
372 638 412 699 28
442 637 515 698 lolia
542 638 656 699 iormae
685 640 832 700 maximae
859 639 1067 721 complectitur
1094 641 1124 699 in
1146 647 1209 700 tres
1238 640 1405 701 fasciculos
1429 641 1546 712 divisa,
1580 660 1706 721 quorum
1729 642 1846 721 primus
1869 646 1900 702 et
1922 641 2030 702 tertius
2052 643 2091 702 ab
2114 659 2177 703 una

64 722 67 726 ’
155 724 328 806 eademqne
350 743 458 797 manu,
482 724 640 785 secundus
662 746 735 785 vero
757 726 795 786 ab
814 724 875 786 alia
896 728 999 807 scripti
1024 733 1104 791 suut.
1147 725 1235 787 Hanc
1253 727 1347 788 habet
1369 728 1608 808 inscriptionem:

366 861 531 940 Omiserrio
555 862 688 925 Caesari
709 862 850 924 exhibita
866 866 899 923 ia
919 867 924 943 Ι
946 862 1090 925 Conatiir
1111 860 1398 949 Aapurteariburri
1422 885 1471 944 pr.
1492 862 1651 926 CXVIII:
1670 869 1675 949 1
1694 862 1739 926 Et
1756 863 1905 946 loquebar
1925 864 1967 925 de
1989 865 2174 926 testimoniis

368 1010 371 1015 ,
407 952 470 1010 tais
486 951 521 1010 ia
539 950 544 1034 i
566 948 744 1030 carpam
758 969 865 1030 repam
881 958 912 1011 et
932 970 996 1011 aaa
1013 951 1180 1028 confunde·
1200 952 1206 1036 l
1224 951 1288 1012 bar.
1309 955 1314 1031 Ι
1333 949 1378 1017 Μ.
1390 950 1433 1014 D.
1444 949 1545 1013 m

155 1086 206 1151 Ex
226 1087 392 1150 litterarum
412 1086 505 1149 ductu
523 1086 710 1168 intelligitur,
734 1087 815 1149 hunc
838 1084 985 1149 Codicem
1007 1089 1128 1150 demum
1151 1097 1287 1169 tempore
1306 1083 1485 1151 Conventus
1502 1088 1701 1169 Numburgici
1724 1095 1878 1150 exaratum
1900 1108 1984 1149 esse.
2019 1086 2097 1149 Cum
2108 1087 2174 1150 Me·

156 1174 312 1238 iantbauis
335 1171 393 1234 Ed
422 1180 449 1237 1.
485 1176 606 1236 omuino
629 1175 782 1236 consentit
803 1176 941 1256 exceptis
964 1173 1157 1236 articulorum
1177 1176 1247 1236 iidei
1269 1172 1349 1236 Xlll.
1372 1183 1404 1237 et
1431 1173 1547 1239 XVlll.
1570 1174 1792 1245 antithesibus,
1827 1194 1906 1256 quae
1936 1175 2026 1236 etiam
2055 1175 2084 1236 in
2114 1174 2175 1236 lroc

160 1259 472 1324 condensantur.
500 1258 692 1321 Weberus
714 1267 810 1340 putat,
835 1281 904 1322 eum
928 1281 1002 1322 esse
1024 1262 1233 1342 apographum
1255 1267 1307 1321 aut
1319 1258 1459 1334 Codicis,
1483 1282 1574 1343 quam
1596 1258 1787 1323 lohannes
1810 1259 1936 1324 Elector
1947 1261 2060 1324 Sason.
2083 1258 2173 1326 sco

155 1349 252 1410 mitiis
269 1345 460 1428 Augustauis
482 1367 589 1430 secum
611 1348 759 1427 portarit,
794 1354 846 1408 aut
868 1347 999 1429 exempli
1022 1348 1188 1429 deperditi,
1215 1346 1298 1428 quod
1316 1347 1554 1428 Spoletinus
1578 1368 1668 1409 mauu
1689 1368 1749 1409 sua
1771 1349 1904 1429 scripsit
1951 1346 2017 1409 lloc
2044 1346 2173 1410 alterum

155 1434 324 1496 confirmari
334 1432 454 1496 videaur
465 1433 584 1495 duabus
596 1434 842 1495 annotationibus
857 1433 892 1496 Μ
900 1453 951 1495 ax.
974 1433 1141 1495 Moerliu
1151 1437 1177 1505 i,
1201 1435 1252 1515 qui
1275 1435 1303 1494 iu
1328 1453 1386 1494 suo
1399 1434 1539 1515 exemplo
1550 1432 1704 1496 Editionis
1720 1440 1746 1496 1.
1760 1432 1907 1496 Malanih.
1920 1436 1954 1513 ·)
1966 1437 2010 1513 (in
2022 1433 2170 1497 Biblioiia

156 1519 258 1582 duali
281 1519 422 1584 Gotiraua
448 1525 624 1596 asservato)
652 1520 690 1581 ad
718 1521 812 1581 verba
841 1520 958 1582 articuli
980 1521 1051 1584 XX.
1075 1529 1129 1594 „et
1151 1521 1287 1582 dicunt
1309 1540 1368 1581 nos
1392 1521 1451 1583 fide
1473 1527 1505 1583 et
1526 1522 1672 1601 operibus
1695 1520 1874 1582 iustiiicari“
1904 1521 1933 1581 in
1964 1521 2098 1601 margine
2120 1520 2172 1583 ad·

48 1611 62 1627 ‘
154 1608 293 1689 scripsit:
317 1596 510 1688 „Spalatir
533 1626 642 1668 manus
664 1612 697 1668 et
717 1608 845 1684 primum
867 1606 1084 1687 exemplar'*)
1111 1606 1225 1670 lrabeut
1248 1605 1407 1669 doceui“
1430 1614 1513 1688 (pror
1541 1607 1658 1686 dicuni)
1687 1614 1719 1669 et
1744 1608 1774 1667 ia
1802 1606 1931 1670 articulo
1961 1606 2000 1667 de
2030 1607 2171 1688 coniugio

155 1693 355 1756 Sacerdotem
379 1692 418 1754 ad
439 1694 549 1755 verba:
575 1713 686 1773 „quam
710 1700 747 1754 vt
770 1695 799 1755 in
822 1694 923 1774 ignem
947 1693 1068 1755 deliciis
1091 1696 1161 1755 suis
1185 1693 1317 1755 cadant‘
1338 1693 1509 1756 adnotavit:
1533 1692 1646 1775 Spair
1670 1696 1700 1755 in
1721 1714 1812 1755 manu
1834 1695 1947 1775 scripto
1968 1700 2007 1754 vt
2028 1694 2171 1757 smitam

154 1777 293 1861 Utraque
317 1781 397 1841 enim
418 1778 511 1842 lectio
534 1779 692 1861 Spalatina
713 1780 744 1840 iu
767 1778 827 1841 boc
848 1777 966 1842 Codice
988 1780 1114 1842 Wimar.
1137 1782 1292 1862 reperitur.
1338 1779 1514 1861 Signabitur
1530 1780 1625 1862 sigla:
1654 1779 1745 1842 Wim.

310 1865 370 1928 His
392 1862 560 1928 Codicibus
583 1868 744 1929 recensitis
766 1874 957 1928 transeamus
983 1866 1023 1927 ad
1045 1863 1257 1929 Editiones
1280 1864 1392 1928 latinae
1415 1864 1651 1937 confessionis,
1685 1886 1809 1948 quarum
1837 1873 1902 1927 tres
1929 1863 2045 1927 classes
2067 1866 2171 1929 distin·

155 1951 296 2034 guendae
318 1959 405 2015 sunt:
440 1958 466 2014 1.
489 1951 651 2014 Editiaues
670 1954 841 2031 formonsa
866 1953 1118 2014 iatemredianrm
1139 1952 1231 2014 huius
1254 1949 1487 2033 Confessiouis3
1520 1956 1548 2016 2.
1572 1952 1876 2032 Editionessarmac
1897 1951 2171 2034 improsperae

152 2040 184 2101 in
207 2035 349 2102 comitiis
372 2037 527 2120 praelecta
548 2047 580 2101 et
602 2037 777 2120 imperatori
797 2039 933 2101 exhibita
954 2046 1018 2118 esi;
1043 2044 1073 2102 3.
1096 2036 1257 2101 Editiones
1276 2038 1399 2116 formae
1416 2059 1458 2100 ea
1480 2039 1541 2101 bac
1561 2041 1688 2119 intepra
1704 2043 1857 2102 variatus.

441 2339 467 2407 l.
521 2336 746 2407 Editioncs
773 2336 993 2408 iormarum
1020 2336 1378 2409 intermediarum
1407 2335 1700 2407 Confessionis
1727 2335 1893 2405 latinae.

310 2517 391 2583 Cura
412 2521 516 2604 plures
539 2528 662 2584 exstent
684 2520 829 2594 Codices
849 2523 900 2602 qui
915 2523 1036 2601 formas
1056 2486 1256 2585 intermedias
1275 2523 1366 2583 buius
1379 2518 1596 2585 confessionis
1619 2521 1774 2596 exhibent,
1796 2527 1830 2583 ut
1851 2539 1945 2601 supra
1967 2518 2172 2594 ostendimus,

149 2629 213 2670 -non
236 2608 402 2675 mirandum
424 2616 492 2684 est,
520 2611 610 2670 etiam
634 2607 803 2670 Editioaes
825 2608 944 2670 exiliis
967 2609 1137 2671 (lodicibus
1160 2608 1256 2671 iactas
1279 2615 1411 2680 exstare,
1435 2629 1514 2690 quae
1535 2608 1616 2671 tales
1634 2608 1748 2670 formas
1770 2607 1966 2670 intermedias
1989 2607 2172 2673 contineant,

153 2693 316 2757 Eiusmodi
338 2693 502 2757 Editiones
525 2695 735 2757 recensendae
757 2702 831 2757 sunt
852 2694 964 2757 haece:
1768 2721 1772 2729 ·

984 2969 1012 3037 l.
1028 2968 1348 3036 EditioFabricii.

310 3136 397 3201 llaec
413 3138 528 3213 Editio,
553 3159 643 3220 quam
661 3140 841 3204 Andreas
863 3140 1071 3205 Fabricius
1093 3140 1287 3215 Leodius,
1310 3140 1485 3223 Principum
1503 3138 1624 3203 Alberti
1646 3146 1677 3202 et
1689 3137 1815 3201 Ernesti
1838 3139 1905 3200 eius
1929 3136 1992 3211 lilii,
2017 3133 2173 3201 Comitum

155 3222 361 3376 zfflffim
383 3224 498 3300 libeni,
521 3226 724 3300 consiliarius,
744 3248 784 3290 ex
801 3235 991 3311 prototypo,
1008 3235 1043 3292 ut
1064 3229 1310 3311 ipsocoutendit,
1329 3229 1414 3310 typis
1438 3226 1673 3289 describendam
1694 3225 1819 3299 curarit,
1842 3225 2011 3288 continetur
2030 3225 2059 3286 in
2076 3224 2174 3287 lrocce

365 3449 565 3535 Harmonia}
593 3449 770 3529 Confessio·
787 3458 792 3526 Ι
811 3454 862 3512 air
882 3449 1095 3533 Asportaaae,
1115 3456 1121 3528 Ι
1140 3452 1307 3514 doctrinae
1327 3450 1526 3532 eoaapeiicae
1544 3451 1549 3528 Ι
1569 3469 1745 3511 consecrem
1762 3448 1938 3511 declararis.
1959 3449 1964 3535 Ι
1983 3449 2174 3512 Adimam

409 3544 456 3597 ert
479 3536 590 3599 Caroli
608 3535 719 3606 Quinti
742 3537 891 3601 Caesarie
906 3557 1026 3620 semper
1043 3538 1187 3619 dequesti,
1202 3559 1259 3620 po·
1279 3541 1284 3620 Ι
1304 3541 1602 3618 tentissimoramque
1622 3535 1756 3618 Imperij
1779 3534 1954 3597 Christiani
1976 3535 2172 3617 Principraa,

408 3622 741 3788 altissimi
756 3625 1203 3779 visitatoriam
1218 3619 2174 3794 tosticittf‘itiiittittma

404 3797 505 3878 parri
530 3795 652 3858 ,ibas
681 3804 712 3858 a
733 3731 863 3858 ansperti
887 3800 953 3858 eius
970 3797 1050 3877 fiiij,
1074 3732 1217 3859 evoriacas
1235 3797 1401 3858 Palatina·
1419 3796 1424 3882 Ι
1444 3817 1510 3856 riou
1530 3793 1645 3872 atos,
1665 3754 1877 3877 ac’otriusqroe
1894 3794 2057 3856 Baaaaiae
2079 3792 2172 3880 Dra-l

410 3882 720 3966 camComiiiarij.1
741 3882 949 3965 (Typograpbi
973 3885 1108 3964 insigne,
1133 3887 1162 3944 iu
1186 3904 1246 3964 quo
1269 3885 1410 3964 leguntur
1432 3883 1509 3944 lraec
1531 3883 1636 3946 verba:
1660 3880 1777 3942 Pralnr.
1801 3886 1855 3946 46.
1876 3888 1881 3960 Ι
1900 3881 2079 3943 Benedicta
2096 3884 2103 3966 i
2123 3900 2175 3942 ca·

408 3989 506 4031 roaae
523 3972 578 4029 arii
597 3971 602 4038 Ι
621 3969 794 4050 ὂοιιίφιίωι
813 3972 818 4051 Ι
839 3971 882 4031 tir
899 3974 1018 4048 ioasi!
1049 3967 1201 4032 Caioraac
1219 3977 1223 4047 1
1244 3970 1330 4051 apori
1353 3971 1525 4031 Materaom
1548 3967 1741 4049 Cloeliam}
1766 3967 1809 4029 M.
1835 3967 1877 4028 D.
1900 3966 2053 4030 LXXIII
2073 3968 2078 4049 Ι
2099 3966 2176 4030 Clari

406 4058 518 4136 pratia
541 4055 570 4133 A*
594 4054 773 4136 Priaiiepio
803 4056 980 4118 Caesareae
1001 4057 1127 4117 Maiori.
1158 4059 1191 4116 iu
1214 4056 1414 4118 Decenaiam.
1461 4054 1565 4118 stoli.
1590 4077 1648 4117 uon
1673 4076 1751 4116 num.
1774 4054 1830 4120 liti.
1854 4075 1872 4115 a
1894 4057 2033 4134 signata,
2057 4062 2089 4116 et
2112 4058 2174 4116 574

408 4161 498 4222 pagg.
522 4163 612 4214 uum,
635 4140 702 4204 Fal.
726 4142 806 4222 (Fal.
820 4146 885 4203 ai·
906 4178 949 4190 ·-
964 4147 996 4205 6·
1018 4142 1147 4206 Fabricii
1171 4143 1304 4223 epistola
1329 4144 1513 4205 dedicatoria
1534 4143 1573 4202 ad
1594 4141 1753 4204 Albertum
1777 4140 1980 4203 etEruestum
1998 4140 2174 4222 Principem

408 4226 541 4290 foisse
562 4228 614 4290 Ad
636 4226 833 4291 christianum
855 4230 1001 4292 lectorem
1024 4231 1239 4310 praemonitio;
1269 4250 1337 4312 pag.
1364 4233 1476 4292 1-10.
1500 4226 1738 4290 protestantium
1761 4226 1907 4308 praelatio
1937 4227 1977 4289 ad
2007 4225 2173 4288 Caesarem

410 4313 552 4376 Uarolum
574 4313 614 4375 V.
637 4335 677 4375 ex
698 4323 859 4397 prototypo
882 4323 1026 4379 extracta.
1045 4352 1088 4366 -
1106 4314 1259 4378 Praelatio
1277 4317 1384 4378 eadem
1402 4316 1442 4377 ad
1465 4310 1630 4376 Gaesarem
1653 4311 1796 4375 Carnium
1816 4311 1866 4384 V,
1890 4315 1920 4373 iu
1944 4315 2084 4374 omuibus
2097 4310 2174 4374 Wit-

407 4401 664 4481 teubergensibus
687 4401 912 4483 exemplaribus
931 4403 1053 4464 variata.
1078 4440 1119 4451 -
1143 4400 1246 4467 Caroli
1265 4398 1411 4464 Caesaris
1434 4408 1466 4464 et
1490 4396 1716 4461 Gatlrolicoruur
1740 4397 1911 4479 Principum
1940 4399 1980 4461 ad
2001 4399 2133 4462 oblatam
2156 4417 2177 4459 a

409 4483 656 4550 Proteatautibus
671 4485 908 4549 confessionem
927 4490 1098 4569 responsio.
1117 4527 1159 4535 -
1182 4485 1223 4551 lo.
1248 4487 1397 4551 Cocblaai
1414 4490 1614 4565 Augustanos
1637 4483 1853 4546 confessionis
1877 4486 2044 4551 discussio.
2065 4523 2104 4534 -
2123 4484 2175 4545 Al·

408 4573 521 4653 pbonsi
548 4572 684 4635 Virvesii
714 4573 914 4639 (lauariensis
936 4573 1086 4658 Episcopi
1113 4566 1287 4657 Philippica
1308 4576 1404 4655 prima
1412 4617 1426 4653 ,‚
1450 4573 1499 4634 De
1529 4570 1712 4652 Dogruatum
1740 4570 1932 4633 multitudiue
1957 4578 1989 4634 et
2009 4573 2175 4643 vadetat03

382 4670 438 4740 'p.
457 4665 494 4720 10
518 4667 646 4722 extr.-
660 4666 732 4723 574.
756 4659 974 4722 Corriessiouis
997 4664 1195 4744 Augustauae
1217 4681 1255 4721 ex
1278 4658 1445 4742 Prototypo
1464 4660 1646 4740 desumptae
1660 4658 1796 4725 Articuli,
1821 4679 1947 4738 quorum
1970 4658 2102 4740 singulis
2125 4656 2176 4718 aa

410 4747 543 4826 scriptae
565 4754 637 4808 suut
660 4744 763 4809 Caroli
786 4745 932 4810 Caesaris
955 4753 987 4808 et
1010 4744 1235 4810 Catholicomrn
1259 4745 1431 4826 Principum
1455 4746 1493 4806 ad
1518 4765 1574 4806 eos
1602 4746 1840 4825 responsiones,
1874 4745 2016 4806 Andreae
2044 4743 2176 4807 Fabricii

365 4877 369 4886 .
407 4829 517 4893 Leodii
536 4834 825 4922 animadversiones,
843 4831 965 4895 loannis
983 4832 1177 4895 aDaventria
1198 4833 1409 4906 refutationes,
1431 4831 1584 4915 Aipbousi
1597 4833 1728 4893 Virresii
1751 4829 1953 4913 Philippicae,
1971 4829 2014 4891 lo.
2028 4829 2176 4894 Cocldaei

156 4999 529 5017 Μ

267 5120 294 5191 ’)
312 5124 341 5177 In
359 5125 408 5178 noc
425 5126 573 5192 axeorpiunr
590 5127 766 5180 libertinas
782 5130 921 5189 praeterea
940 5125 1116 5190 transscripsit
1133 5126 1323 5193 anconitanas,
1345 5137 1410 5191 quas
1428 5126 1590 5181 lutherus
1614 5127 1640 5179 tu
1662 5125 1783 5190 exempto
1800 5123 1850 5188 ipsi
1874 5136 1889 5175 a
1907 5122 2109 5177 lielantirone
2128 5121 2176 5177 do·

313 5199 383 5259 nato,
400 5194 469 5261 quod
486 5208 556 5250 nnnc
572 5196 600 5249 ln
616 5195 734 5251 niniati.
753 5195 825 5259 reaia
843 5192 984 5248 liresdensi
1001 5200 1160 5259 asservatur,
1178 5195 1225 5260 (ex
1241 5207 1292 5260 uua
1309 5207 1379 5249 nuuc
1395 5195 1422 5249 iu
1438 5196 1559 5249 manibus
1576 5194 1674 5256 baim)
1692 5194 1834 5258 apologiae
1852 5192 2035 5256 adscripscrat.

250 5275 296 5345 ⁸⁸)
313 5280 459 5345 Exemplar,
476 5281 545 5347 quod
562 5281 586 5334 is
605 5282 622 5336 1.
634 5282 761 5345 prim
778 5282 934 5346 appellatur,
951 5293 1003 5335 nou
1024 5285 1065 5334 est
1082 5280 1163 5335 Editio
1180 5282 1285 5346 auique
1302 5282 1360 5347 iila,
1382 5293 1449 5346 quae
1468 5294 1492 5333 a.
1514 5283 1588 5336 1530.
1605 5281 1713 5345 prodiit,
1735 5282 1829 5346 quippe
1847 5291 1914 5344 quae
1932 5288 2015 5343 aeque
2038 5289 2069 5330 ac
2085 5276 2128 5330 Ed
2150 5279 2174 5332 t.

312 5349 370 5403 liei
386 5350 477 5431 nabet:
495 5348 605 5416 dimi,
622 5350 670 5405 sed
686 5351 767 5406 Editio
785 5350 871 5405 adbuc
886 5351 983 5416 mota,
1002 5350 1035 5405 de
1053 5363 1104 5416 aaa
1120 5351 1189 5405 iutra
1206 5350 1312 5406 dicatu.

366 5466 513 5512 namura.
528 5468 611 5510 orna
624 5469 689 5510 rou
699 5468 780 5513 xxm.
1933 5449 1965 5501 1⁵
