4808 6204
127 398 297 527 ‚m

680 421 795 494 nnn..
817 358 921 494 nnn.
942 424 1131 495 SCRIPTA
1152 421 1422 492 coenatica
1441 420 1501 493 ET
1521 422 1795 495 SthBOIdCA.

232 611 286 678 ius
306 602 399 694 dicit,
413 614 467 691 77)
501 611 741 701 Vnusquisque
759 619 813 694 77)
845 616 967 683 habeat
987 620 1041 696 77)
1074 635 1213 681 uxorem
1237 639 1243 729 ]
1347 611 1477 679 Etcum
1496 615 1843 693 senescentemundo,
1864 613 2022 701 paulatim
2044 629 2163 685 natura
2183 618 2247 688 ltu·

233 719 327 765 suam
337 708 476 783 propter
485 695 748 767 fornicationem.
763 705 817 781 77)
844 703 937 781 item,
960 699 1214 780 616176868777)

231 785 359 851 nubere
386 805 484 871 quam
513 788 575 851 vri.
626 789 802 877 Secundo,
835 786 989 854 Christus
1018 787 1213 876 inquit,⁶⁰)

231 871 449 957 Nonomnes
471 873 606 955 capiunt
629 871 858 953 verbumhoc,
880 874 937 939 vbi
951 880 1006 955 77)
1029 878 1129 942 66667
1144 893 1212 940 666

232 976 352 1023 omues
384 954 537 1023 homines
570 959 614 1025 ad
648 959 849 1041 coelibatum
874 961 1015 1027 idoneos
1043 980 1138 1041 esee,
1159 964 1213 1040 ⁶²)

256 1044 311 1107 uia
334 1040 427 1108 Deus
451 1046 577 1111 creauit
597 1044 763 1114 hominem
784 1049 839 1132 77)
867 1048 910 1112 ad
936 1049 1214 1133 procreationem,

187 1133 194 1159 '
266 1148 340 1194 ene.
365 1129 394 1193 1.
439 1129 511 1195 Ν66
533 1141 586 1196 687
604 1131 768 1199 humanae
784 1135 973 1218 potestatis,
987 1139 1041 1214 77)
1064 1135 1213 1200 sinesin·

232 1211 342 1364 palari
365 1215 454 1281 dono
484 1228 517 1282 et
543 1237 645 1301 opere
672 1217 736 1284 Dei
766 1221 970 1288 creationem
989 1225 1043 1300 77)
1073 1233 1212 1287 mutare.

248 1303 406 1388 gitur⁶⁶)
434 1304 488 1387 qui
517 1323 584 1368 non
611 1317 689 1370 sunt
716 1307 895 1383 76666777)
924 1311 967 1374 86
998 1305 1212 1386 coelibatum,

233 1389 356 1452 debent
386 1391 584 1456 contrahere
611 1393 860 1458 matrimonium.
909 1394 995 1460 Nam
1022 1395 1212 1462 mandatnm

232 1470 297 1539 Dei
319 1485 352 1537 et
374 1476 614 1542 ordinationem
628 1477 703 1558 Dei,
725 1476 818 1545 nulla
838 1478 895 1545 lex
907 1479 1064 1562 humana,
1084 1477 1213 1547 nullum

232 1572 345 1625 votum
369 1557 489 1627 tollere
510 1575 633 1647 potest.
678 1563 730 1631 Ex
752 1564 874 1647 67877)
897 1570 1009 1634 causis
1021 1569 1143 1635 docent
1153 1566 1213 1630 Sa·

234 1648 389 1712 cerdotes
400 1648 464 1712 sibi
475 1646 578 1715 licere
593 1652 646 1732 77)
659 1672 783 1717 vxores
795 1653 927 1720 ducere.
963 1652 1103 1720 Constat
1115 1654 1214 1718 etiam

231 1733 265 1797 16
288 1729 441 1798 Ecclesia
466 1736 519 1814 77)
547 1738 670 1815 veteri,
702 1738 906 1805 Sacerdotes
935 1740 1043 1807 fuisse
1065 1740 1213 1806 maritos.

232 1818 317 1884 Nam
340 1831 373 1885 et
396 1817 520 1886 Paulus
542 1823 589 1886 ait
615 1821 817 1909 Episcopum
848 1824 1037 1916 eligendum
1059 1846 1137 1893 esse
1159 1824 1215 1910 qui

232 1906 276 1969 sit
297 1906 447 1970 maritus.
490 1906 534 1972 Et
557 1909 590 1972 iu
620 1909 797 1976 Germania
828 1913 968 1998 primurn
998 1926 1076 1979 ante
1103 1931 1213 1978 annos

232 1991 506 2095 quadringentos,
530 1995 732 2062 Sacerdotes
749 1998 781 2062 vi
797 2000 850 2076 ⁷¹)
874 2000 983 2066 coacti
994 2000 1125 2067 suntad
1139 2017 1213 2065 coe

232 2073 382 2156 libatum,
404 2081 460 2165 qui
475 2083 528 2158 77)
550 2082 681 2166 quidem
694 2083 778 2148 adeo
800 2086 969 2153 aduersati
992 2099 1082 2166 sunt,
1106 2083 1214 2152 rtAr·

233 2162 467 2249 chlepiscopus
479 2164 697 2253 Moguntiuus
716 2167 944 2254 publicaturus
961 2173 1106 2240 edictum
1116 2170 1212 2238 Rom.

234 2248 406 2315 pontificis
422 2254 475 2331 77)
498 2253 539 2318 66
557 2273 598 2320 66
615 2275 664 2335 66,
682 2259 733 2337 77)
756 2278 842 2343 6666
864 2263 908 2325 66
930 2260 1024 2343 iratis
1047 2258 1213 2326 Sacerdo-

233 2337 323 2403 tibus
341 2356 402 2422 per
423 2337 598 2405 tumultum
620 2362 807 2426 oppressus
828 2345 883 2411 sit.
899 2349 953 2427 77)
991 2344 1036 2412 'Et
1046 2366 1104 2412 res
1116 2355 1214 2432 gesta

234 2434 286 2487 est
307 2434 374 2487 tam
396 2421 590 2505 inciuiiiter,
613 2439 649 2494 vt
670 2450 739 2494 non
760 2427 869 2496 solam
885 2433 920 2498 in
965 2442 1113 2511 osterum
1135 2448 1214 2496 con·

233 2510 323 2594 iugia
350 2510 625 2593 prohiberentur,
653 2518 705 2594 77)
727 2512 910 2599 ‘sedetiam
931 2519 1121 2606 praesentia
1138 2536 1214 2582 con·

233 2605 286 2658 tra
313 2598 424 2661 omnia
457 2599 528 2663 iura
562 2600 673 2666 diuina
707 2611 739 2667 et
773 2603 936 2686 humana,
974 2617 1091 2673 contra
1120 2606 1213 2690 ipsos

233 2681 331 2746 etiam
348 2685 400 2760 77)
423 2680 580 2750 canones
598 2683 722 2768 iactos,
742 2710 809 2755 non
827 2688 936 2757 solum
952 2690 1213 2774 aPontilicibus,

233 2765 363 2846 86677)
384 2773 473 2851 677)
496 2768 730 2840 laudatissimis
752 2775 918 2863 synodis,
940 2777 1212 2846 distraherentur.

237 2938 438 2954 *-

231 3041 280 3107 66)
305 3043 379 3112 dicit]
398 3045 508 3098 Wircc
527 3044 594 3099 dixit

232 3127 279 3194 66)
302 3129 495 3199 Vnusquiaque]
515 3133 602 3187 Rae:
619 3151 685 3187 runs
702 3140 836 3205 quisquam

231 3213 279 3279 67)
302 3215 487 3284 Vnusqniaque
504 3219 609 3289 haheat]
628 3221 734 3276 Faba:
753 3224 850 3276 habent
867 3229 1042 3295 uuusquisque

230 3298 280 3367 66)
302 3300 515 3374 766616866686]
534 3304 632 3360 Wire.
650 3310 725 3362 male:
743 3311 950 3366 fornicationem

230 3385 279 3451 00)
301 3387 351 3456 eat]
370 3391 398 3439 ia
415 3389 506 3444 Dese.
525 3392 598 3445 deest.

230 3469 280 3540 60)
301 3474 395 3544 iuquit]
413 3475 482 3530 Est
501 3479 594 3531 8676867
609 3497 707 3534 errore:
725 3484 816 3549 inquid

230 3557 279 3626 61)
300 3561 364 3625 hoc,
382 3563 438 3630 vbi]
456 3562 511 3618 176.
530 3574 606 3620 snt:
624 3568 683 3621 hoc.
719 3570 770 3621 vbi

230 3643 278 3711 60)
299 3648 411 3701 idoneos
429 3651 496 3721 esse]
515 3651 642 3710 066166
662 3669 719 3708 6888
736 3657 845 3710 idoneos

230 3729 279 3799 60)
303 3734 447 3803 hominem]
467 3737 599 3807 Onold.,
617 3742 728 3795 wire:
746 3745 864 3797 honines

230 3816 278 3885 84)
300 3822 447 3892 potestatis]
466 3824 576 3879 Wira:
593 3829 699 3895 pietatis

228 3905 277 3973 66)
297 3907 351 3991 liei
367 3911 535 3981 mentionem]
555 3914 659 3967 wine:
677 3918 835 3969 6668776666
842 3918 909 3983 1)61,·
925 3919 1057 3974 1766666
1076 3922 1127 3976 Dei
1139 3938 1210 3975 eree·

297 3985 396 4031 nouem
412 3978 464 4061 Dei
481 3981 520 4047 (i)

229 4081 277 4148 66)
297 4050 586 4221 fflpp'rbipdgspspoiai
601 4101 726 4208 pgprpenn
721 4093 909 4226 Pammenem
919 4109 1003 4229 1agapem
1008 4094 1124 4161 Ideoque
1148 4093 1210 4149 baec

840 4177 901 4211 eor:

228 4238 276 4305 67)
300 4247 362 4290 8667
380 4240 556 4307 1666661716.
574 4249 649 4292 aut:
667 4243 756 4296 idonei
774 4256 836 4297 suut

227 4324 276 4392 66)
298 4325 424 4392 16781116.
443 4335 522 4378 ent:
541 4329 573 4397 ijs

227 4414 275 4478 60)
297 4415 387 4479 licere]
405 4413 491 4499 0686.
511 4417 551 4477 0.,
569 4413 934 4496 1)688.,176686.,1766.,
952 4420 1084 4486 ottold,
1101 4421 1208 4486 witn,

296 4482 384 4547 nac,
402 4482 513 4546 Wrrc.‚
531 4483 638 4536 Febr:
656 4485 762 4538 licuisse

228 4570 275 4635 70)
298 4571 325 4619 76
343 4570 474 4636 Ecclesia]
491 4568 596 4623 Desa:
613 4554 733 4625 Ecclesia

227 4655 274 4719 71)
298 4655 334 4722 vi]
355 4658 448 4708 Wirc.
468 4658 566 4707 6667777.

227 4744 275 4811 ta)
299 4744 353 4809 qut]
372 4749 480 4805 wire-2
499 4746 539 4796 cui

227 4814 275 4884 ⁷³)
295 4817 375 4943 iffi
388 4831 523 4884 7166668877
546 4839 614 4895 8667,
632 4861 665 4872 -
688 4832 834 4899 Pontiam]
858 4832 921 4888 6688
949 4831 1019 4886 nat.
1044 4836 1072 4886 76
1097 4835 1209 4903 rear-qino

226 4972 274 5038 Ἡ)
291 4978 325 5029 de
343 4995 377 5032 ex
394 4982 434 5053 re]
451 4987 557 5038 Faber
576 5003 609 5039 ex
628 4988 661 5038 de
679 5000 708 5037 re

225 5069 273 5136 70)
296 5086 435 5139 oppressus
453 5073 498 5140 sit]
515 5072 622 5125 178666
640 5075 675 5126 877
691 5089 829 5140 oppressus

225 5157 274 5223 76)
295 5159 508 5226 prohiberentur]
528 5159 584 5211 Ed.
602 5167 681 5212 ent:
699 5160 870 5226 prohiberent

224 5244 272 5311 77)
293 5247 364 5313 76868
382 5248 472 5314 enam]
489 5247 593 5300 Faba:
611 5248 689 5298 677886
707 5249 779 5312 76866

219 5331 272 5400 76)
296 5333 357 5402 sed]
375 5332 503 5386 06616.;
522 5334 569 5385 red
588 5334 666 5385 etiarn

224 5417 273 5486 70)
294 5420 321 5485 8]
339 5418 467 5473 ivetam
484 5421 511 5471 76
527 5435 575 5472 866
591 5417 642 5473 Ed.
659 5419 725 5473 88678
740 5421 830 5474 ruet.

1261 703 1427 780 mana⁸⁰)
1456 699 1516 765 fiat
1535 694 1753 777 imbecillior,
1783 704 1939 768 conuenit
1960 705 2172 789 prospicere,
2199 725 2247 773 ne

1260 783 1358 870 plura
1384 785 1464 852 vitia
1498 795 1637 871 serpant
1671 788 1704 852 in
1735 784 1957 856 Germaniam.
2010 789 2118 858 Porro
2147 789 2247 859 Dens

1261 873 1402 938 instituit
1415 872 1624 958 coniugium,
1646 883 1683 938 vt
1705 883 1797 936 esset
1813 876 1993 941 remedium
2011 876 2176 944 humanae
2197 879 2246 944 in·
2303 900 2307 912 ·

1260 957 1434 1024 firmitatis.
1481 957 1547 1042 1687
1559 955 1717 1024 Oenones
1739 971 1888 1025 veterem
1901 964 1956 1041 ⁸¹)
1974 963 2119 1049 rigorem
2142 963 2245 1030 inter·

1261 1045 1336 1111 dum
1366 1044 1610 1130 posterioribus
1638 1046 1843 1128 temporibus
1869 1061 2006 1132 propter
2037 1046 2246 1117 imbecillita-

1260 1143 1325 1197 tem
1339 1133 1393 1209 77)
1430 1128 1599 1197 homiuum
1637 1128 1816 1199 laxandum
1855 1150 1934 1202 esse
1979 1134 2110 1215 676667,
2154 1137 2246 1222 quod

1260 1218 1440 1304 optandum
1458 1227 1511 1282 est
1525 1219 1579 1296 77)
1592 1227 1628 1282 vt
1638 1215 1696 1282 liat
1712 1229 1747 1284 et
1767 1220 1801 1283 76
1812 1215 1911 1284 hocn
1959 1222 2044 1286 ocio.
2067 1222 2247 1288 deviden-

1260 1307 1380 1382 76677)
1407 1300 1574 1388 Ecclesijs
1602 1299 1782 1388 aliquando
1812 1302 1903 1370 deiut
1975 1310 2032 1388 77)
2074 1319 2245 1393 66876688,

1259 1394 1289 1456 87
1307 1390 1430 1456 diutius
1454 1387 1671 1474 prohibeatur
1689 1391 1889 1477 coniugium.

1346 1472 1430 1542 Cum
1452 1487 1561 1542 autern
1579 1486 1670 1541 extet
1691 1474 1880 1542 mandatum
1898 1477 1974 1558 Dei,
1997 1500 2072 1545 curn
2093 1477 2246 1547 6668176-

1261 1559 1386 1630 6168766
1406 1576 1507 1628 notus
1529 1563 1652 1641 sit,⁸⁰)
1678 1584 1754 1628 cam
1784 1564 1825 1627 im
1851 1585 1931 1630 urus
1965 1562 2151 1631 coelibatus
2194 1564 2246 1632 lu·

1260 1650 1344 1714 rima
1365 1649 1472 1733 pariat
1486 1651 1541 1726 77)
1564 1644 1740 1727 scandala,
1763 1584 1943 1731 adulleria,
1967 1663 2000 1717 et
2021 1648 2089 1717 6176
2110 1671 2129 1715 8
2206 1672 2246 1718 68

1261 1737 1361 1820 digna
1383 1733 1673 1800 animaduersione
1685 1736 1764 1800 boni
1777 1737 2002 1823 magistratus.
2047 1736 2172 1804 Tamen
2183 1740 2245 1804 mi·

1260 1843 1332 1887 rum
1355 1833 1420 1901 est,
1443 1817 1590 1885 6611676
1613 1839 1650 1884 66
1674 1822 1829 1886 maiorem
1848 1824 1998 1890 exerceri
2014 1821 2172 1890 senicianr
2187 1826 2248 1902 77)

1261 1928 1360 1994 quam
1381 1908 1547 1972 66666868
1558 1907 1750 1992 coniugium
1761 1907 1994 1975 Sacerdotem.
2039 1907 2133 1976 Deus
2146 1930 2247 1995 prae·

1261 1994 1348 2079 cepit
1363 1995 1417 2071 77)
1438 1993 1568 2058 honore
1589 1989 1725 2058 allicere
1746 1995 1948 2081 coniugium.
1998 1993 2180 2081 16666877)
2208 1998 2246 2063 76

1260 2079 1413 2147 omuibus
1436 2080 1538 2145 rebus
1560 2075 1703 2164 publicis
1733 2080 1878 2153 666677)
1901 2081 2108 2162 constitutis,
2139 2083 2244 2149 etiarn
2295 2118 2298 2123 ·

1260 2166 1349 2250 apud
1377 2164 1539 2230 Ethnicos
1567 2165 1717 2229 maximis
1752 2164 1935 2232 honoribus
1960 2181 2173 2234 6668666667.
2195 2172 2245 2246 77)

1259 2252 1306 2318 At
1327 2272 1416 2316 nunc
1438 2248 1634 2335 capitalibus
1655 2252 1773 2334 poenis
1787 2255 1833 2327 77)
1856 2252 2100 2334 excmciantur,
2121 2266 2154 2320 et
2172 2255 2246 2340 qui·

1260 2339 1336 2404 dem
1363 2338 1568 2404 Sacerdotes
1592 2339 1638 2415 ⁹⁴)
1670 2348 1788 2403 contra
1818 2337 1991 2405 Gauouum
2023 2337 2245 2420 voluntatem,

1260 2421 1385 2493 nullam
1414 2422 1514 2488 aliam
1543 2425 1587 2488 ob
1616 2442 1772 2503 causam,
1795 2425 1857 2490 nisi
1880 2438 2018 2511 propter
2041 2428 2138 2493 coniu
2164 2428 2244 2493 ‘una

1262 2507 1386 2577 Paulus
1405 2520 1503 2590 vocat
1525 2510 1708 2575 doctrinam
1722 2509 1971 2576 daemoniorum
1983 2533 2069 2598 quae
2088 2533 2148 2596 pro
2174 2513 2246 2578 ibet

1261 2596 1462 2683 coniugium.
1504 2595 1534 2658 1.
1556 2593 1697 2660 Timoth.
1722 2596 1776 2681 iiij.
1822 2595 1857 2663 ld
1875 2593 1976 2663 facile
1993 2618 2083 2664 nunc
2102 2595 2245 2684 intelligi

1259 2692 1468 2835 6666861666
1490 2679 1613 2745 7617668
1637 2679 1811 2768 supplicijs
1835 2683 2012 2768 prohibitio
2026 2688 2072 2762 77)
2094 2685 2243 2773 conlugij

1283 2789 1358 2835 een
1385 2789 1458 2834 rur.

1346 2855 1441 2923 Sicut
1462 2864 1573 2919 autern
1594 2849 1687 2918 nulla
1708 2848 1764 2919 lex
1774 2853 1918 2922 humana
1928 2867 2041 2940 potest
2051 2857 2245 2923 mandatnm

1226 2966 1229 2973 ·
1260 2939 1325 3008 Dei
1346 2939 1478 3018 tollere,
1501 2941 1547 3005 ita
1568 2958 1632 3005 nec
1653 2951 1766 3006 votum
1776 2953 1891 3026 potest
1911 2938 2030 3008 tollere
2052 2943 2246 3009 mandatum

1260 3025 1337 3093 Dei.
1381 3025 1527 3092 Proinde
1549 3022 1647 3092 etiam
1659 3022 1848 3113 Cyprianus
1871 3029 2003 3108 suadet,
2026 3038 2064 3094 vt
2084 3023 2244 3095 mulieres

1260 3115 1387 3179 nubant
1415 3130 1502 3199 quae
1530 3130 1598 3177 nou
1626 3124 1766 3180 8666667
1801 3115 2004 3198 promissam
2040 3118 2244 3180 castitatem.

1261 3198 1375 3266 Verba
1402 3201 1473 3267 eius
1501 3207 1581 3264 sunt
1607 3196 1694 3264 haec
1721 3195 1778 3265 lib.
1810 3200 1839 3265 1.
1862 3197 2024 3286 Epistola.
2047 3202 2092 3266 xi.
2106 3205 2160 3280 77)
2205 3200 2247 3267 Sl

1259 3472 1306 3538 60)
1325 3473 1553 3540 usturnhuurana]
1574 3474 1829 3537 06616.,17866.;
1847 3473 1960 3525 humans
1971 3480 2074 3536 687668,
2092 3473 2248 3532 Edonas

1327 3549 1416 3592 668768
1433 3542 1549 3594 humana
1566 3545 1618 3594 vita

1257 3629 1304 3692 61)
1326 3628 1451 3695 veterem]
1470 3628 1581 3682 wira:
1599 3636 1715 3679 veterum

1257 3715 1305 3779 60)
1327 3714 1541 3781 76666711778766]
1562 3713 1676 3766 06616.
1694 3714 1768 3766 maim
1787 3714 2247 3785 666661711787666787666666667888)

1256 3799 1304 3868 60]
1326 3801 1376 3866 687]
1394 3800 1471 3852 Desa.
1489 3803 1587 3852 66677777.

1256 3886 1305 3953 64)
1323 3887 1370 4006 Api
1382 3886 1514 4005 ritdentur]
1532 3887 1588 3938 106
1607 3893 1689 3951 sat,
1706 3887 1815 3937 Febr:
1832 3885 1961 3938 Videntur
1969 3888 2047 3949 enirn,
2066 3887 2181 3938 wire:
2199 3887 2246 3938 Ae

1326 3971 1495 4008 mmmm

1255 4043 1304 4109 66)
1323 4041 1448 4108 delaturi]
1467 4042 1575 4094 Desa:
1595 4043 1728 4107 defutura,
1746 4041 1859 4094 wire:
1878 4042 1991 4099 68767667
2008 4043 2062 4092 sint

1255 4128 1303 4194 66)
1321 4136 1399 4179 66768
1415 4129 1449 4178 877
1480 4128 1588 4179 Faber
1607 4129 1643 4179 sit
1659 4136 1745 4191 notua,
1762 4122 1822 4178 Ed.¹
1841 4136 1923 4179 ant:
1940 4135 2013 4178 retus
2031 4128 2082 4189 sit,·
2100 4126 2193 4179 0888.
2214 4129 2246 4180 0.

1320 4197 1430 4266 primm
1496 4197 1547 4247 atr:
1564 4205 1643 4247 66788
1660 4199 1697 4247 877
1714 4196 1782 4264 qnod
1792 4195 1881 4249 687868
1887 4202 2007 4247 statem
2016 4203 2052 4248 887
2063 4197 2103 4246 in:
2122 4204 2196 4245 vetus
2205 4197 2246 4248 sir

1254 4283 1302 4349 67)
1320 4280 1415 4351 pariat]
1433 4282 1489 4364 166.
1507 4291 1591 4334 snt:
1618 4291 1713 4349 686887
1735 4280 1766 4364 18
1783 4281 1874 4336 0888.
1886 4283 1910 4333 0.
1928 4285 2032 4349 686787,
2052 4280 2243 4349 6666687888·

1324 4360 1379 4404 erat
1396 4358 1527 4419 86676766,
1544 4358 1664 4403 naiman
1681 4358 1717 4404 887
1731 4367 1773 4403 mr
1791 4360 1881 4417 pareat

1255 4438 1302 4504 66)
1322 4439 1440 4490 exerceri
1457 4438 1593 4504 sericium]
1610 4437 1743 4491 occid:
1762 4440 1877 4488 exerceri
1895 4439 2059 4499 senteutiam,
2076 4433 2134 4488 176.
2153 4441 2241 4487 eutr

1324 4522 1448 4559 exercere
1465 4509 1621 4560 8867666866

1255 4593 1303 4660 00)
1321 4593 1466 4660 praecepit]
1483 4592 1595 4658 Desa,
1611 4593 1720 4645 178666
1738 4595 1866 4659 praecipit

1254 4681 1303 4748 00)
1321 4680 1478 4744 muranum
1513 4678 1610 4745 Leges]
1629 4677 1759 4742 Onold.,
1777 4678 1832 4730 Ed
1850 4685 1927 4729 snt:
1947 4678 2107 4743 coniugium,
2125 4677 2199 4742 leger

1254 4765 1302 4831 01)
1321 4765 1399 4831 6666]
1416 4767 1443 4816 in
1460 4762 1549 4816 0888.
1568 4767 1594 4816 0.
1611 4766 1640 4816 in
1655 4765 1770 4832 88666768
1787 4764 1888 4832 bena.
2297 4760 2301 4765 '

1255 4852 1303 4918 00)
1321 4850 1501 4915 amnuerunt]
1523 4849 1617 4903 17667
1638 4849 1776 4902 afficerent
1801 4856 1970 4903 6668686667.
2006 4856 2115 4902 67768888
2137 4845 2243 4902 ert·-

1323 4920 1461 4971 aiflcerunt
1478 4921 1556 4970 biam
1572 4917 1694 4970 86676666
1712 4927 1756 4972 887.
2257 4932 2260 4937 ·

1253 5005 1424 5075 06)666616]
1442 5006 1533 5059 Dera.
1553 5006 1653 5057 6867777.

1253 5092 1301 5158 04)
1320 5101 1347 5145 67
1364 5094 1468 5158 quidem
1485 5088 1654 5162 Sacerdotes]
1671 5090 1781 5144 Faba:
1798 5090 1956 5145 6866866788
1975 5089 2123 5156 etquidem

1253 5178 1302 5243 05)
1319 5175 1473 5248 prohibitio]
1492 5177 1622 5231 066168
1640 5176 1782 5245 prohibitis
1799 5179 1849 5245 (sic
1867 5174 2048 5246 6666666766)

1253 5263 1298 5324 06)
1316 5265 1362 5316 116.
1387 5268 1412 5315 1.
1438 5264 1553 5330 Epistol.
1587 5261 1636 5334 xi]
1664 5264 1751 5318 (7688.
1780 5266 1821 5328 0.,
1846 5263 1942 5328 Nor..
1969 5261 2102 5327 06676,
2128 5261 2242 5327 Wlua,

1321 5332 1407 5396 Eat,
1425 5334 1541 5397 wira,
1558 5334 1615 5385 106.
1632 5339 1709 5397 ant„
1726 5332 1833 5386 Febr:
1851 5333 1910 5384 Lib.
1928 5331 1951 5385 1.
1976 5332 2152 5398 Ephraim
2173 5330 2242 5398 npt-

1322 5418 1459 5482 rann,
1476 5418 1586 5472 176888
1606 5419 1651 5472 lib.
1664 5421 1688 5468 1.
1698 5403 1858 5484 6618736171
1876 5421 1908 5470 10
