4808 6204
443 1554 544 1706 H.
637 1552 1208 1708 CONFESSIO
1253 1556 1919 1709 AUGUSTANA

676 1800 945 1889 AUCTORE
976 1803 1242 1891 PHILIPPO
1274 1802 1685 1891 MELAN'PHONE

327 2091 550 2173 Prolegomeua
572 2093 602 2153 in
625 2089 903 2153 hocMelantlronis
926 2093 1072 2172 scriptum
1091 2093 1281 2155 exordiamur
1302 2113 1323 2154 a
1342 2094 1427 2154 brevi
1450 2093 1491 2155 de
1502 2090 1644 2156 comitiis
1654 2094 1847 2173 Angustanis
1860 2093 1998 2166 lristoria,
2028 2114 2107 2174 quae
2129 2115 2190 2156 ma·

170 2182 254 2245 xima
275 2200 314 2241 ex
331 2187 419 2327 parte
442 2177 702 2241 exSeclrendorlii
720 2179 936 2239 commentario
959 2178 997 2239 de
1019 2176 1254 2241 Lutireranismo
1276 2178 1330 2242 lib.
1353 2175 1390 2239 ll.
1413 2200 1442 2261 p.
1470 2184 1530 2241 150
1552 2198 1623 2260 aqrp
1642 2178 1700 2245 Ea
1725 2182 1754 2240 2.
1778 2188 1921 2261 excerpta
1942 2188 2000 2242 est

358 2287 409 2327 um
429 2262 594 2347 Imperator
616 2261 747 2326 Carolus
769 2263 810 2327 V.
839 2285 894 2345 per
923 2264 1088 2347 diplomata
1110 2264 1138 2327 d.
1162 2269 1213 2327 21.
1244 2264 1372 2327 lanmuii
1399 2270 1489 2329 1530.
1513 2268 1543 2326 in
1566 2264 1759 2328 Germaniam
1783 2267 1927 2347 expedite
1943 2286 2051 2329 ornnes
2073 2267 2190 2347 imperil

174 2352 310 2417 Ordines
331 2352 371 2414 ad
394 2353 517 2413 comitia
536 2352 697 2432 Augustae
719 2350 946 2413 vindelicorum
972 2352 1001 2416 d.
1022 2355 1051 2413 8.
1069 2351 1187 2432 aprilis
1215 2350 1356 2414 habenda
1377 2359 1592 2424 convocasset,
1615 2351 1766 2414 lohannes
1789 2351 1914 2415 Elector
1931 2352 2084 2414 Senoniae
2106 2350 2215 2414 Pria-⁴

174 2442 323 2521 cipeaque
352 2439 430 2499 socii
463 2439 543 2510 eius,
571 2436 708 2500 Luthero
737 2438 897 2507 suadente,
931 2438 970 2498 ad
1003 2437 1079 2498 baec
1112 2438 1234 2500 comitis
1265 2440 1417 2519 proficisci
1445 2440 1678 2500 constibrerunt.
1733 2438 1799 2500 Sed
1828 2440 2006 2519 priusquam
2035 2440 2067 2500 id
2095 2439 2191 2511 fleret,

172 2524 299 2589 Elector
335 2526 518 2606 praecipuos
563 2524 706 2586 doctores
746 2544 825 2585 suos
864 2543 935 2585 cum
971 2523 1108 2587 Lutbero
1142 2527 1337 2605 congregavit
1378 2526 1417 2586 ad
1450 2523 1596 2587 articulos
1625 2525 1698 2586 tidei
1731 2526 1971 2588 conscribendos
2010 2544 2090 2606 quos
2128 2532 2192 2586 tum

172 2612 237 2695 ipsi
269 2610 387 2690 Targae
420 2610 598 2673 exhiberent
608 2613 651 2689 ⁸)
697 2608 768 2684 Quo
800 2610 892 2681 iacto,
920 2608 1057 2682 Elector,
1089 2613 1250 2673 comitante
1279 2610 1430 2683 Lutlrero,
1459 2613 1489 2673 in
1517 2613 1594 2672 viam
1627 2631 1664 2672 se
1687 2611 1789 2681 cedia
1821 2613 1880 2673 sed
1909 2614 2041 2695 ventus,
2075 2631 2113 2672 ne
2136 2607 2192 2673 lm·

172 2704 346 2780 pacatorem
374 2701 550 2778 praesentia
581 2698 654 2770 πίπὶ,
686 2717 777 2776 quem
806 2698 834 2757 is
863 2697 964 2759 edicto
987 2695 1205 2759 Worrnatiensi
1226 2699 1401 2760 nominatim
1433 2699 1671 2778 proscripserat,
1704 2700 1848 2768 irritaret,
1877 2697 2000 2778 reliquit
2032 2698 2101 2759 eur'n
2131 2695 2193 2759 Co·

173 2785 275 2864 burgi,
295 2781 462 2864 pollines,
491 2782 596 2845 nibil
589 2802 658 2864 rpso
686 2781 889 2845 inconsulto
880 2803 912 2843 rs
939 2783 1071 2844 comitiis
1098 2792 1199 2845 sctum
1226 2785 1271 2846 iri.
1323 2783 1441 2846 Postea
1468 2783 1591 2846 Elector
1616 2784 1771 2845 saxoniae
1798 2786 1930 2845 omnium
1956 2786 2073 2865 primus
2100 2784 2130 2847 d.
2161 2787 2192 2848 5.

172 2869 252 2934 Maii
265 2870 438 2950 Augustam
460 2871 589 2941 intrarit,
606 2869 726 2931 babens
738 2865 1041 2931 comiteslobanncm
1056 2868 1241 2933 Fridericum
1258 2870 1363 2943 tilium,
1381 2869 1589 2939 Franciscuar,
1609 2870 1884 2950 banebargeneem
1895 2868 2025 2940 Ducem,
2035 2869 2193 2950 wollgas-

174 2977 259 3038 gum,
278 2953 452 3038 Principem
473 2955 683 3030 Anhaltinum,
703 2955 875 3027 Albertaaa
899 2957 1040 3018 comitem
1053 2955 1329 3030 limsleldensers,
1350 2964 1445 3021 totam
1455 2954 1654 3021 NobilItetem
1666 2956 1849 3019 Saxonicum
1867 2964 1900 3018 et
1917 2956 2087 3037 pamnltos
2108 2956 2193 3036 equi·

175 3049 239 3107 aa.
283 3038 388 3105 Ceteri
410 3063 533 3123 qnoque
555 3040 715 3124 Principes
739 3041 944 3105 ecdesiaetici
966 3048 999 3104 et
1019 3042 1179 3107 seculares
1200 3043 1319 3124 reliquo
1339 3064 1450 3105 nense
1470 3042 1554 3105 Maio
1577 3051 1609 3105 et
1630 3045 1690 3104 sub
1712 3045 1829 3105 initium
1851 3040 1927 3104 lmrii
1956 3045 2088 3123 ingressi
2109 3048 2191 3106 sunt

330 3128 414 3191 Dum
436 3130 488 3191 bic
507 3128 673 3211 imperator
690 3131 934 3211 exspectabatur,
955 3127 1146 3202 Melanthea,
1170 3132 1223 3211 qui
1240 3133 1313 3192 item
1341 3151 1411 3193 ππππι
1440 3128 1511 3191 aliis
1533 3131 1606 3191 viris
1628 3129 1727 3192 doctis
1756 3129 1869 3202 adorat,
1894 3129 1934 3191 ad
1962 3129 2193 3190 costesdonen

176 3216 262 3291 fidei,
284 3236 365 3295 quae
389 3218 419 3277 in
441 3217 575 3278 consitiis
592 3216 729 3279 exbiberi
751 3217 918 3288 deberet,
911 3236 941 3276 ππ
963 3216 1073 3277 bom
1099 3216 1223 3279 bnnam
1246 3216 1442 3296 redigendam
1470 3215 1627 3288 delectum
1650 3219 1729 3278 satis
1747 3218 1894 3297 temporis
1911 3215 2028 3286 hahuit,
2048 3223 2084 3278 ut
2100 3214 2133 3276 id
2150 3214 2192 3276 ta

174 3310 270 3389 cerat,
287 3323 346 3364 nec
367 3323 395 3363 er
387 3303 559 3365 indistrie
576 3303 682 3378 deferit,
703 3302 875 3386 stentilillia
896 3301 1032 3366 articulis
1044 3302 1639 3383 Pergensibusstquesuobaceosibus,
1660 3324 1741 3385 quos
1752 3301 1908 3364 liutherus
1920 3304 2098 3364 csmsociis
2121 3320 2192 3363 coe

175 3390 353 3471 sm‘prserat.
397 3364 484 3451 lianc
505 3388 921 3471 confessionemque
938 3389 981 3451 ob
1000 3388 1117 3463 losum,
1139 3410 1202 3470 que
1223 3391 1262 3452 ab
1285 3397 1409 3453 auctora
1431 3391 1557 3471 sarpta,
1586 3391 1823 3470 seminibusque
1844 3388 2085 3451 conienmnn'
2079 3409 2108 3449 πππ
2132 3388 2193 3450 ine

174 3478 364 3556 subscriptis
384 3476 568 3547 condrusta,
590 3475 783 3556 etpublice
776 3496 807 3539 ιππ
829 3477 962 3537 comitiis
982 3475 1137 3556 preelecta
1155 3494 1192 3538 ac
1213 3474 1390 3557 lsrperateri
1412 3477 1522 3539 tradita
1543 3484 1602 3548 eat,
1623 3477 1855 3555 Argustana
1875 3475 2057 3558 appellatur,
2076 3474 2192 3536 liele*
2229 3464 2241 3497 ⁸

176 3562 254 3627 thou
275 3561 413 3625 ππὶίπππιίὶπ
434 3563 539 3642 viguit
562 3567 595 3624 et
616 3569 684 3623 octo
707 3560 851 3632 absolvit,
875 3582 955 3640 quse
976 3562 1125 3643 deinceps
1147 3564 1185 3625 ab
1214 3561 1359 3625 Electore
1385 3564 1427 3625 ad
1447 3563 1612 3625 Lsthsmm
1634 3562 1817 3624 transmissa
1839 3570 1908 3638 est,
1935 3569 1969 3622 ut
1995 3561 2192 3641 significaret,

177 3669 219 3712 an
234 3648 353 3731 aliquid
372 3649 547 3713 mutandum
569 3655 720 3711 censeret.
748 3647 933 3729 Respondit,
952 3648 1014 3709 sibi
1035 3669 1102 3711 eam
1132 3649 1241 3711 eximie
1269 3649 1403 3730 placeret
1433 3669 1491 3711 nec
1517 3649 1684 3729 quidquam
1708 3649 1737 3709 ἰππ
1766 3667 1806 3708 es
1832 3604 1982 3728 corrigere
2003 3654 2056 3708 ant
2076 3653 2193 3709 mutare

176 3755 289 3817 poseo²
305 3755 408 3817 neque
428 3737 602 3808 convenire,
619 3741 652 3797 ut
671 3755 691 3797 a
712 3755 750 3797 se
766 3733 884 3815 aliquid
904 3734 1088 3798 emendetur.

335 3821 380 3885 lm
453 3829 500 3882 tor
520 3821 653 3894 tandem,
672 3840 740 3885 cern
763 3822 854 3883 tratre
875 3820 1177 3901 FudIeaudoRege,
1200 3821 1392 3902 Reginisque
1411 3820 1584 3901 ilungarias
1602 3827 1634 3882 et
1651 3819 1840 3893 Bobeniae,
1863 3821 2000 3899 itarnque
2020 3837 2088 3880 curn
2112 3814 2189 3880 Gar·

178 3907 346 3981 ἃππΙὶίππππ,
443 3888 544 3988 pagio,
567 3907 687 3988 Legato
709 3906 870 3971 Pontificis
886 3906 1027 3983 Maximi,
1049 3907 1299 3988 Saliebnrgensi,
1321 3907 1513 3979 iddeutine,
1536 3905 1708 3978 Gattiaars,
1734 3913 1766 3970 et
1790 3927 1861 3969 ωπι
1882 3904 2048 3978 Priderieo,
2068 3901 2191 3967 Gemite

177 3991 331 4064 Palatino,
354 3990 639 4065 lohanneAlberto,
661 3992 839 4056 Marcbione
861 3992 1138 4074 Brandeuburgico,
1156 3993 1349 4075 Legatisqse
1371 3993 1493 4075 Regrrn
1510 3993 1643 4066 Galliae,
1662 3993 1795 4074 Aegliae
1819 4001 1851 4056 et
1867 3992 2056 4064 Initaaiae,
2075 3989 2192 4053 sturni·

176 4081 222 4145 tis
242 4078 411 4158 Hispaniae
428 4080 618 4160 proceribus,
640 4080 691 4141 die
711 4085 762 4143 15.
785 4078 863 4142 lunii
885 4080 1057 4159 Augarstam
1080 4100 1150 4142 cnm
1177 4100 1299 4143 summa
1319 4081 1573 4161 magnificentia
1564 4099 1725 4161 regressus
1748 4089 1808 4144 est.
1853 4079 1930 4142 'l'um
1957 4079 2009 4140 die
2031 4077 2138 4139 Lunae
2161 4077 2191 4138 d

177 4168 229 4229 20.
252 4164 329 4229 lunii
350 4162 512 4246 imperator
533 4167 657 4247 primam
668 4168 844 4229 sessionem
862 4167 1050 4229 conitiorum
1072 4167 1103 4226 in
1121 4185 1231 4247 magno
1252 4168 1356 4230 curiae
1371 4168 1572 4248 Augustanos
1588 4169 1742 4248 praetorio
1759 4167 1934 4237 celebravit,
1957 4167 1987 4226 in
2005 4183 2068 4247 qna
2090 4165 2192 4225 decre·

176 4258 243 4315 tum
263 4258 324 4327 est,
345 4259 380 4315 ut
400 4273 420 4314 a
440 4252 542 4332 capite
558 4251 715 4332 refigionis
737 4253 854 4315 initium
877 4252 973 4315 terea
1017 4251 1125 4334 ltaque
1145 4252 1198 4314 die
1219 4250 1345 4316 iohanni
1367 4253 1529 4336 Baptistae
1549 4274 1657 4326 sacre,
1686 4274 1749 4335 qno
1769 4253 1909 4315 secunda
1932 4253 2039 4313 sessio
2059 4250 2192 4313 habeba·

152 4343 236 4415 ‘tun
253 4339 381 4421 primun
401 4338 509 4402 audita
529 4345 581 4401 est
602 4340 698 4400 oratio
720 4336 830 4420 Legati
851 4337 1014 4414 Pontificii,
1038 4360 1103 4420 qna
1120 4337 1335 4403 Protestantes
1356 4340 1397 4404 ad
1417 4342 1577 4405 reffitum
1570 4362 1599 4403 rn
1621 4339 1793 4403 Ecclesiam
1813 4337 1995 4401 catholicam
2012 4336 2194 4400 adhortaba-

177 4430 237 4499 tur,
259 4432 294 4487 et
307 4426 491 4505 Legatorum
508 4426 749 4498 Austriacorum,
770 4426 913 4489 subsidia
940 4426 1091 4491 adseram
1119 4423 1239 4491 Parcas
1264 4429 1441 4510 petentium
1486 4426 1607 4489 Deinde
1637 4427 1762 4489 Elector
1788 4426 1942 4487 saxoniae
1964 4443 2006 4486 ex
2032 4422 2110 4487 ade
2134 4442 2193 4486 sas

161 4447 1496 4682 ·matidii?bittipitbtitiss„ltlblb⁸,it,ldtdss
1515 4512 1883 4680 addititii:
1893 4510 2192 4679 timia

99 4764 103 4769 Ι
179 4683 331 4746 constitit.
354 4682 481 4746 iudei).
504 4682 656 4765 Georgius
680 4681 846 4767 Fontanus,
864 4685 1019 4748 Electoris
1042 4683 1263 4758 Cancellerius,
1285 4690 1510 4770 Imperatorem,
1528 4687 1648 4747 nomine
1671 4683 1861 4768 Principum,
1884 4685 2046 4747 mbarisse
2064 4684 2192 4766 regerit,

159 4789 162 4794 ·
177 4777 214 4831 ut
225 4766 463 4832 contessionem
475 4769 546 4831 fidei
556 4771 680 4852 publice
693 4792 793 4833 coram
812 4775 952 4835 omnibus
965 4771 1134 4835 Ordinibus
1146 4770 1265 4854 imperii
1288 4773 1421 4854 praelegi
1432 4774 1631 4854 permitteret,
1648 4792 1709 4852 qua
1721 4792 1821 4834 errore
1832 4791 1892 4834 suo
1907 4770 2117 4841 liberarentur,
2139 4770 2192 4851 (pri

176 4854 260 4919 sue
282 4855 323 4918 de
348 4855 525 4939 religione
517 4877 654 4979 rpsorum
671 4858 808 4921 instructi
829 4857 1003 4923 haereticas
1024 4866 1058 4922 et
1073 4859 1278 4923 scandalosas
1296 4859 1466 4941 opiniones,
1494 4876 1575 4940 qus
1596 4876 1750 4940 succum
1767 4857 1955 4934 iniunt
1947 4859 2029 4940 rpsis
2050 4855 2191 4919 attribue-

287 5080 366 5149 ·)11
382 5083 482 5139 auen
500 5088 660 5149 remma,
677 5087 756 5150 atone
773 5083 842 5139 xwl
859 5084 1161 5141 maslaum
1176 5088 1205 5145 et
1221 5086 1601 5152 natendmumm
1519 5084 1834 5151 essmnrsstnttrerns
1851 5082 2001 5138 ormmtr
2016 5080 2104 5135 uma.
2117 5080 2193 5135 1520

331 5152 904 5279 llrsoffimcmeffffilffilsmm„
926 5154 1107 5210 conmsonta
1123 5158 1294 5219 suessanae
1311 5156 1392 5210 veluti
1409 5157 1520 5212 narerm
1541 5160 1570 5211 et
1586 5126 1788 5210 π’πππππππππππππππ
1805 5152 1929 5216 murat,
1951 5153 2107 5219 manopter
2123 5148 2193 5204 tntrr

345 5323 495 5368 urrunnu.
510 5325 592 5367 orsa.
607 5323 670 5368 von
683 5324 767 5366 xxva
1868 5324 1885 5375 π
