4808 6204
196 427 233 491 ιι
641 423 753 495 rnre
775 423 880 491 neu.
902 422 1094 493 scurra
1115 422 1388 494 nonnanes
1407 425 1465 494 ar
1484 402 1758 497 saumones
2169 434 2211 500 n

194 618 298 682 donat
320 628 478 700 peccata,
508 614 607 693 adsit,
624 617 780 702 regam)
803 628 836 680 et
864 618 1027 700 gubernet
1054 635 1116 679 nos
1140 629 1172 679 et
1195 632 1199 700 t
1225 615 1373 689 Quorum
1396 637 1485 681 nunc
1502 619 1604 702 pudet
1625 637 1700 683 vos.
1746 617 1886 686 RomS.
1919 621 1955 683 Si
1978 621 2098 706 spiritu
2119 617 2211 688 facta

194 703 239 767 sit
250 699 455 767 salvaturus.
489 697 575 766 Sunt
596 703 691 765 etiam
711 702 865 766 monendi
887 699 1051 781 homiues,
1073 700 1172 766 fidem
1225 706 1337 768 carnis
1359 704 1579 788 mortificatis,
1600 705 1732 768 vivetis.

195 808 272 854 esse
294 809 360 851 non
384 800 509 851 tantum
533 788 671 851 credere
693 789 923 852 remissionem
947 800 1172 873 pcccatorum,
1310 787 1444 854 Debent
1487 802 1598 854 autem
1642 801 1799 875 pastores
1837 810 1995 857 enarrare
2028 791 2209 879 symbolon

194 875 371 939 sedetiam
394 872 459 937 hoc
476 875 639 938 accedere
657 887 824 957 oportere,
846 874 1084 952 utoredamus,
1109 892 1171 937 tros
1223 873 1464 956 Apostolorum
1488 875 1653 940 ecclesiis.
1710 875 1851 949 Quidam
1879 879 2046 944 somniant
2069 881 2209 945 credere

217 972 272 1025 ost
295 960 574 1025 condonationem
595 972 809 1043 pcccatorum
831 958 965 1024 defendi
995 971 1027 1024 et
1055 958 1128 1044 regi
1152 980 1173 1023 a
1195 950 1199 1020 l
1224 978 1301 1024 esse
1323 961 1375 1038 id,
1397 962 1486 1047 quod
1510 972 1627 1027 tenere
1647 961 1818 1027 historiam
1843 965 1886 1028 de
1914 962 2068 1044 Christo,
2100 986 2208 1051 eaque

228 1068 280 1111 eo.
335 1045 398 1110 Est
425 1047 561 1124 idco²⁴)
590 1066 724 1131 quoque
747 1045 953 1123 docendum,
988 1045 1172 1111 condonari
1195 1040 1198 1047 '
1223 1046 1379 1131 cognita,
1401 1045 1574 1111 iustificari
1601 1044 1764 1114 homines.
1811 1047 1937 1115 Verum
1967 1048 2000 1114 hi
2022 1048 2127 1138 longe
2148 1054 2207 1118 ab·

193 1135 292 1199 nobis
314 1145 457 1215 peccata
479 1152 545 1196 non
568 1145 705 1217 propter
726 1143 842 1195 nostra
864 1134 994 1210 merita,
1018 1132 1079 1197 sed
1097 1151 1172 1217 pro·
1223 1143 1346 1198 errant.
1389 1132 1474 1198 Nam
1496 1152 1537 1198 ea
1558 1133 1690 1198 demum
1713 1134 1797 1200 fides
1819 1135 1987 1217 iustificat,
2010 1158 2110 1224 quum
2134 1158 2207 1204 crc-

192 1231 267 1305 pter
288 1218 475 1296 Christum,
508 1220 602 1302 quia,
635 1219 664 1282 si
687 1217 803 1282 merita
833 1230 951 1282 nostra
978 1219 1172 1284 iuberentur
1194 1272 1197 1302 ,
1223 1218 1269 1282 dit
1297 1219 1526 1283 remiSsionem
1553 1229 1778 1303 peccatorum.
1824 1220 1903 1287 ldeo
1932 1223 1966 1287 in
1997 1226 2208 1290 enarratione

192 1306 333 1392 respici,
361 1306 584 1369 conscientiae
608 1324 735 1377 corum,
764 1304 820 1387 qui
843 1300 935 1368 rrulla
957 1302 1082 1370 babent
1104 1324 1171 1370 me·
1194 1310 1198 1389 3
1221 1301 1366 1389 symboli
1387 1306 1522 1369 iubeant
1549 1304 1592 1368 ad
1620 1324 1696 1369 eum
1724 1305 1901 1373 articulum
1929 1310 2052 1395 respici
2079 1309 2206 1390 (Credo

193 1392 268 1472 rita,
291 1392 505 1477 adigerentur
526 1391 567 1455 ad
591 1391 867 1473 desperationem.
1222 1391 1452 1455 remissionem
1462 1403 1707 1474 peccatorum),
1729 1392 1773 1456 cd
1792 1389 1885 1457 illum
1904 1397 2033 1461 omneis
2043 1395 2205 1464 artiomos

278 1475 358 1542 ltem
386 1490 463 1543 sunt
490 1476 647 1554 docendi,
676 1478 766 1560 quod
800 1476 897 1540 etiam
930 1476 959 1539 si
989 1475 1171 1540 habeamus
1222 1476 1414 1560 superiores
1437 1475 1660 1542 conferendos
1683 1496 1762 1542 esse
1784 1477 1933 1545 doceant

193 1566 308 1630 merita
331 1575 364 1627 et
388 1565 474 1627 bona
497 1581 612 1646 opera,
633 1575 742 1625 tamen
762 1582 802 1626 ea
823 1582 891 1627 non
904 1560 1018 1626 volent
1039 1561 1082 1625 ad
1099 1559 1170 1645 pla·

192 1650 334 1715 candum
356 1647 484 1727 Deum,
512 1649 606 1713 iuxta
627 1644 728 1712 illud:
762 1646 891 1728 Dicite,
923 1644 1058 1712 inutiles
1079 1648 1171 1712 servi
1584 1662 1647 1731 ΒΕ
1670 1662 1831 1732 ennon,

191 1755 326 1812 sumas,
353 1734 451 1800 ltem:
483 1733 561 1798 Non
584 1731 815 1799 iustificabitur
843 1734 876 1798 in
905 1744 1091 1819 conspectu
1112 1745 1169 1799 tuo
1276 1772 1280 1783 ·

191 1822 299 1888 omnis
318 1822 448 1887 vivens.
492 1820 560 1885 Sed
583 1821 672 1904 quod
695 1817 850 1884 cbristus
868 1818 1101 1887 satisfactione
1121 1821 1170 1885 iu·
1307 1816 1480 1884 Hactenus
1502 1818 1663 1885 tradimus
1677 1822 1725 1899 ²⁷)
1747 1820 1931 1886 doctrinam
1949 1822 2205 1906 iustificationis,

189 1906 383 1973 stificamur.
428 1907 486 1973 Sic
507 1908 608 1992 igitur
630 1901 806 1991 diligenter
826 1907 1023 1972 ostendatur
1045 1903 1171 1991 populo
1220 1924 1309 1970 nunc
1322 1905 1363 1969 de
1383 1902 1549 1971 fructibus
1572 1907 1733 1972 dicemus.
1778 1905 1980 1973 {ustificatur
2002 1908 2203 1977 enimhomo

188 1993 365 2073 Christus,
396 2014 457 2059 cur
478 1993 607 2058 miserit
628 2012 702 2056 eum
726 1990 844 2070 Pater,
867 2006 903 2058 ut
923 1989 1053 2058 scilicet
1074 1992 1170 2071 satis·
1245 2011 1283 2056 er
1304 1989 1423 2068 fidem,
1457 2011 1523 2056 non
1552 2012 1594 2057 ex
1617 1990 1771 2058 humanis
1790 1995 1921 2059 ‘meritis
1948 2015 2010 2060 seu
2032 1998 2203 2081 operibus,

189 2076 318 2146 faceret
334 2100 396 2165 pro
419 2082 568 2165 peccatis
590 2078 727 2157 nostris,
749 2089 782 2142 et
798 2089 836 2142 ut
852 2092 990 2164 propter
1001 2076 1170 2143 Christum
1220 2078 1290 2142 Sed
1312 2075 1397 2142 fides
1420 2097 1487 2142 non
1511 2089 1564 2142 est
1584 2079 1647 2142 nisi
1670 2081 1702 2143 in
1726 2081 1829 2144 corde
1851 2081 2013 2159 contrito,
2035 2102 2098 2148 seu
2120 2105 2204 2149 mor-

189 2167 337 2250 rcceptis
365 2167 398 2230 in
428 2166 569 2254 gratiam
596 2169 693 2232 detur
716 2162 859 2249 Spiritus
882 2177 1037 2244 sanctus,
1059 2187 1081 2230 a
1102 2184 1168 2249 quo
1219 2164 1356 2242 tilicato,
1379 2182 1440 2229 seu
1461 2176 1586 2250 agente
1604 2166 1848 2249 poenitentiam.
1893 2163 1943 2230 lta
1965 2169 2120 2236 contritio
2142 2189 2205 2236 seu

189 2252 457 2403 {architectatum
485 2264 646 2340 regantur
668 2262 701 2316 et
723 2251 956 2316 custodiantur
977 2248 1076 2316 electi
1099 2269 1169 2316 cre·
1219 2249 1421 2334 poenitentia
1451 2251 1624 2336 praecedit
1655 2250 1765 2318 fidem.
1819 2251 1919 2318 Nunc
1950 2255 1993 2319 de
2022 2273 2124 2331 eruce
2156 2256 2203 2321 di·

212 2349 319 2405 entes.
1221 2355 1345 2401 cemus.

277 2421 445 2489 Doctores
476 2419 629 2488 fecerunt
664 2432 735 2486 tres
775 2433 892 2507 partes
930 2423 1170 2507 poenitentiae:
1307 2421 1453 2486 Primum
1484 2421 1627 2487 docendi
1659 2434 1738 2487 sunt
1764 2421 1934 2500 homines,
1969 2427 2097 2490 omneis
2118 2423 2201 2492 aflli-

191 2510 423 2576 contritionem
447 2510 504 2591 (de
526 2529 567 2576 ea
587 2510 653 2574 iam
675 2508 845 2587 diximus),
866 2509 1114 2576 confessionem
1136 2520 1170 2575 et
1221 2508 1352 2573 ctioncs
1374 2505 1571 2591 corporales
1593 2521 1628 2574 et
1656 2507 1868 2594 spirituales,
1902 2508 2023 2575 malem
2044 2508 2203 2578 valetudi-

190 2594 463 2662 satisfaetioncm.
1221 2612 1309 2673 nem,
1331 2594 1476 2678 inopiam
1498 2604 1532 2658 et
1553 2590 1673 2660 similia
1695 2615 1774 2659 esse
1793 2617 1896 2680 opera
1918 2594 1994 2675 Dei,
2017 2598 2105 2664 sicut
2124 2597 2202 2664 llic·

276 2681 347 2747 Sed
375 2678 559 2747 satisfactio
583 2700 651 2745 non
680 2692 732 2745 est
758 2677 871 2766 aliqua
904 2691 1022 2747 nostra
1056 2701 1170 2766 opera,
1222 2682 1351 2745 remias.
1378 2679 1478 2745 docet
1508 2678 1632 2746 'l'hrem
1654 2679 1686 2746 3.
1730 2680 1814 2755 Quis
1847 2694 1901 2746 est
1953 2683 1985 2747 oi
2007 2683 2144 2762 dixerit,
2165 2695 2204 2751 ιιι

190 2769 252 2834 sed
273 2765 440 2847 Christus,
463 2770 551 2832 sicut
572 2765 716 2832 loannes
737 2769 795 2845 ait,
816 2768 890 2853 ipse
912 2778 965 2832 est
981 2767 1170 2854 propitiatio
1221 2766 1317 2832 lieret
1333 2764 1480 2831 Domino
1503 2786 1572 2832 non
1593 2768 1749 2834 iubente?
1781 2767 1906 2834 Exere
1921 2704 2073 2835 alltissimi
2090 2789 2203 2838 nonne

189 2876 252 2941 pro
273 2855 423 2940 peccatis
445 2855 582 2921 nostris.
1222 2853 1440 2940 egredientur
1461 2854 1550 2918 bona
1571 2865 1606 2918 et
1627 2850 1738 2919 mala?

276 2940 451 3021 Secundo,
484 2957 617 3025 semper
639 2939 818 3018 adiiciant,
850 2940 883 3003 in
915 2939 1035 3026 quibus
1064 2938 1172 3040 possit
1309 2938 1479 3018 Secundo,
1501 2939 1658 3018 doceant,
1680 2950 1928 3027 propterquam
1939 2962 2096 3008 caussam
2106 2939 2203 3009 Deus

190 3046 268 3093 esse
301 3027 404 3105 fides,
436 3024 567 3092 scilicet
607 3026 639 3090 in
665 3026 768 3091 corde
798 3026 952 3090 contrito.
966 3029 1012 3105 ²⁶)
1055 3024 1100 3090 bt
1120 3046 1173 3089 ar·
1220 3040 1285 3091 nos
1318 3021 1459 3130 affligat.
1505 3023 1637 3112 Affligit
1670 3026 1757 3090 enim
1789 3046 1866 3105 nos,
1899 3039 1936 3093 ut
1966 3041 2131 3113 provocet
2158 3031 2204 3096 ad

190 3125 295 3199 girant
316 3133 388 3190 eos,
410 3114 488 3199 quia
510 3113 677 3178 somniant
699 3131 738 3176 se
761 3113 899 3176 credere
920 3125 976 3178 aut
999 3110 1098 3177 fidem
1117 3110 1172 3176 ha·
1221 3111 1467 3195 poenitentiam.
1501 3109 1587 3176 Nam
1609 3107 1811 3178 afflictiones
1833 3125 1911 3178 sunt
1927 3126 2043 3196 partes
2065 3113 2153 3202 legis
2170 3127 2205 3182 et

190 3202 282 3279 bere,
306 3220 380 3264 cnm
400 3220 466 3264 non
489 3197 636 3264 habeant
656 3199 809 3263 timorem
830 3196 908 3277 Dei,
932 3218 1008 3264 cum
1029 3219 1096 3262 non
1114 3194 1172 3261 ha·
1246 3217 1352 3263 oenae
1374 3217 1435 3282 pro
1465 3197 1771 3282 peccatisnostris
1800 3199 1979 3285 irrogatae.
2024 3198 2094 3266 Sed
2117 3203 2205 3266 sicut

188 3287 269 3352 beot
292 3306 352 3350 cor
375 3287 564 3364 contritum,
585 3285 620 3349 id
638 3285 725 3349 enim
740 3302 882 3349 neccsse
900 3296 954 3350 est
969 3285 1174 3370 praecedere
1221 3219 1278 3348 lex
1299 3304 1367 3348 non
1389 3285 1500 3370 arguit
1522 3304 1597 3363 nos,
1618 3295 1655 3350 ut
1676 3285 1813 3369 perdat,
1842 3285 1900 3350 Sic
1912 3286 1958 3360 ²⁸)
1992 3283 2118 3351 Paulus
2139 3289 2204 3352 aits

189 3371 304 3444 fidem,
327 3373 414 3436 sicut
437 3391 578 3451 eurora,
612 3371 741 3438 oriente
762 3368 848 3444 sole,
870 3370 958 3436 diem
979 3367 1174 3437 naturaliter
1223 3366 1398 3435 Conclusit
1419 3370 1530 3434 omnia
1551 3372 1615 3436 sub
1634 3381 1821 3457 peccatum,
1843 3390 1909 3435 non
1931 3380 1967 3435 ut
1989 3372 2118 3456 perdat,
2140 3373 2204 3440 sed

187 3459 368 3543 praecedit.
1195 3408 1199 3522 l
1222 3467 1258 3521 ut
1279 3456 1424 3521 omnium
1446 3458 1649 3539 misereatur,
1670 3459 1764 3521 item:
1784 3453 1870 3521 Nolo
1892 3469 2032 3521 mortem
2048 3471 2204 3540 peccato·

275 3541 388 3609 'fertio
423 3542 578 3623 doceant,
621 3542 788 3629 quomodo
833 3542 937 3608 corda
981 3542 1174 3626 concipiant
1222 3562 1306 3620 ram,
1328 3538 1378 3607 lta
1399 3537 1601 3608 afflictiones
1625 3554 1768 3629 arguunt
1789 3562 1864 3623 nos,
1885 3554 1923 3608 nt
1944 3554 2132 3625 provocent
2159 3544 2204 3609 ad

189 3629 304 3710 fidem,
335 3630 387 3693 sic
416 3631 502 3694 enim
525 3630 736 3715 concipiunt,
773 3627 915 3702 Quando
936 3626 1032 3695 Deus
1060 3630 1170 3694 miser·
1246 3629 1468 3694 cenitentiam.
1513 3627 1591 3693 ldeo
1632 3629 1713 3694 dixit
1748 3625 1924 3694 Salomon:
1958 3627 2064 3701 Quem
2096 3626 2203 3718 diligit
2231 3635 2232 3638 ’

189 3730 256 3796 tus,
277 3713 513 3801 perterrefacit
535 3736 597 3781 cor
624 3727 658 3781 ct
674 3717 791 3781 incutit
814 3712 912 3781 alicui
942 3726 1063 3780 metum
1083 3716 1168 3780 iudi·
1255 3734 1327 3793 eus,
1351 3714 1497 3798 corripit.
1542 3713 1584 3778 Et
1611 3712 1754 3779 Paulus:
1784 3713 1872 3780 Dum
1894 3714 2095 3793 iudicamur,
2128 3736 2204 3782 cor·

189 3804 242 3874 cii,
265 3823 306 3867 ea
328 3800 458 3867 scilicet
479 3823 542 3868 seu
562 3803 778 3886 poenitentia,
799 3821 860 3868 scu
872 3802 1039 3881 contritio,
1058 3801 1087 3864 si
1102 3812 1168 3865 tum
1220 3801 1364 3885 ripimur.
1421 3798 1505 3864 Sunt
1528 3799 1681 3885 exempla
1703 3801 1874 3866 recitanda
1897 3801 2025 3877 David,
2064 3803 2119 3887 qni
2142 3804 2203 3869 nite

189 3888 301 3955 audiat
322 3885 548 3974 Evarrgelion,
571 3889 636 3953 hoc
659 3901 731 3964 est,
766 3888 796 3952 si
817 3889 930 3953 audiat
957 3888 1021 3952 sibi
1043 3888 1168 3952 condo·
1221 3885 1351 3951 Bonum
1367 3883 1458 3966 mihi,
1480 3888 1569 3972 quod
1591 3884 1772 3952 humiliasti
1791 3907 1853 3959 me,
1875 3900 1912 3953 ut
1929 3888 2092 3952 discerem
2107 3889 2204 3954 iusti·

188 3976 261 4042 nari
293 3986 435 4058 peccata
467 3985 605 4059 propter
638 3973 827 4054 Christum,
862 3987 896 4039 et
924 3973 1042 4038 credat
1074 3988 1168 4038 certo
1221 3971 1397 4037 ficationes
1419 3984 1505 4038 tuas.
1550 3972 1630 4038 ltem
1653 3971 1825 4052 Manasse,
1845 3973 1877 4039 2.
1901 3971 2047 4060 Paralip.
2069 3972 2123 4039 33.
2146 3974 2203 4061 qui

188 4060 331 4149 ignosci.
378 4058 436 4126 Sic
457 4073 570 4127 antem
592 4059 740 4146 erigatur
762 4080 822 4125 cor
843 4071 878 4126 ct
900 4059 1068 4144 concipiat
1090 4080 1169 4124 con·
1219 4071 1399 4144 postquam
1416 4071 1657 4147 coangustatus
1671 4071 1736 4138 est,
1758 4058 2070 4137 oravitDominum,
2092 4060 2203 4127 Deum

187 4143 455 4225 solationem.²⁶)
499 4145 592 4211 llaec
619 4167 695 4212 cum
724 4165 805 4211 vere
832 4145 915 4212 fiunt
942 4148 976 4211 in
1004 4146 1108 4211 corde
1134 4154 1168 4210 et
1221 4164 1327 4220 suum,
1350 4157 1384 4211 et
1405 4147 1474 4234 egit
1495 4147 1730 4230 poenitentiam
1742 4143 1841 4212 valde
1858 4167 1973 4212 coram
1985 4144 2060 4210 Deo
2071 4155 2203 4229 patrum

187 4253 256 4300 non
277 4230 482 4303 simulanter.
504 4245 585 4299 tnnc
606 4231 706 4298 fidem
723 4232 868 4318 concipit
880 4253 952 4313 cor,
974 4244 1054 4299 tunc
1070 4233 1170 4298 etiam
1219 4249 1373 4310 suoram,
1401 4232 1601 4317 deprecatus
1628 4244 1681 4298 est
1700 4251 1776 4298 eum
1799 4243 1833 4297 et
1853 4232 2045 4298 obsecravit
2065 4233 2203 4312 intente,

188 4319 333 4406 concipit
355 4318 512 4405 Spiritum
534 4330 703 4400 sanctum,
729 4318 786 4404 qui
806 4317 903 4387 affert
927 4316 1058 4386 irucbrs
1079 4318 1169 4398 fidei,
1220 4328 1255 4384 et
1275 4317 1399 4383 audivit
1420 4319 1603 4385 orationem
1623 4320 1707 4386 eius.
1751 4318 1832 4384 ltem
1855 4314 2040 4385 aliamulta
2061 4337 2104 4384 ex
2120 4319 2202 4387 scri·
2277 4333 2289 4344 ‘

189 4403 320 4470 scilicet
341 4402 575 4486 humilitatem,
598 4406 806 4482 castitatem,
826 4403 1029 4490 patientiam,
1051 4404 1170 4470 carita·
1219 4404 1326 4489 pturis
1346 4403 1490 4489 petenda
1510 4416 1599 4471 sunt.

123 4574 126 4579 Ι
189 4502 256 4557 tem
278 4503 312 4556 et
335 4489 462 4556 similes
483 4489 624 4559 fructus.
648 4491 696 4558 lbi
717 4513 777 4558 cor
799 4492 893 4557 conci
918 4493 942 4557 it
962 4511 1025 4576 pro
1049 4491 1170 4557 ositum
1305 4489 1431 4568 Tertio,
1453 4493 1487 4556 in
1508 4511 1618 4578 poena
1638 4510 1700 4556 seu
1721 4487 1906 4556 afflictione
1927 4492 2131 4575 praestanda
2148 4504 2203 4558 est

188 4578 299 4643 bonae
313 4577 401 4641 ritae
418 4589 452 4642 et
470 4578 580 4646 odium
598 4580 740 4666 peccati,
762 4576 873 4644 siol's
910 4597 949 4643 us
965 4578 1011 4644 ait
1059 4597 1123 4643 orn.
1135 4575 1168 4642 6.
1244 4577 1396 4656 atientia,
1425 4578 1445 4640 i.
1468 4596 1499 4642 e.
1522 4597 1590 4642 non
1613 4578 1773 4643 debemus
1796 4578 1896 4642 irasci
1919 4597 1982 4643 seu
2002 4574 2203 4644 maledicere

1255 4684 1307 4735 eo,
1325 4663 1413 4729 sicut
1424 4661 1596 4730 lsraelitae
1607 4664 1640 4730 in
1663 4664 1752 4729 exitu
1769 4663 2018 4730 murmurabant
2035 4665 2202 4731 adversus

1219 4749 1341 4828 Deum,
1373 4747 1441 4815 Sed
1472 4748 1585 4835 potius
1618 4750 1777 4815 debemus
1809 4769 1998 4839 agnoscere
2024 4761 2060 4816 ct
2090 4749 2203 4831 fateri,

188 4853 236 4918 at)
254 4852 340 4921 regar]
358 4854 396 4904 ιιι
413 4852 517 4920 essm
534 4851 619 4904 eote.
637 4853 761 4907 sacrent
779 4863 806 4906 ιι
823 4851 1052 4906 stomatasm:
1069 4860 1144 4918 regat
1194 4835 1311 4922 .quod
1333 4834 1496 4902 eiusmodi
1526 4856 1669 4920 poenam
1691 4837 1799 4903 meriti
1827 4838 1931 4903 simus
1959 4855 2021 4923 pro
2050 4837 2201 4920 peccabo

188 4957 235 5024 ιι)
253 4955 325 5023 ideo]
343 4954 394 5007 no.
413 4956 438 5006 a.
456 4955 485 5006 to
1219 4923 1356 4988 nostris.
1405 4920 1478 4988 Nos
1511 4925 1598 4988 enim
1630 4940 1746 4990 summ
1780 4923 1958 4991 adiudicati
1989 4923 2096 4988 morti.
2151 4920 2202 4988 lta

188 5058 236 5125 25)
253 5060 281 5110 ta
298 5057 389 5109 „pg-
403 5058 525 5124 gom]
549 5058 600 5111 Μ
619 5059 645 5111 2·
669 5060 696 5109 in
719 5058 775 5123 hg,
796 5073 906 5125 porum
930 5059 1011 5112 coroa
1033 5063 1170 5127 mm
1219 5004 1331 5074 David
1352 5020 1502 5092 praestat
1524 5011 1733 5094 patientiam,
1764 5009 1843 5077 dnm
1870 5009 1934 5076 altr
1966 5005 2142 5094 Praecepit
2168 5010 2201 5075 ei

257 5135 326 5189 sont,
344 5142 391 5177 sen
410 5131 453 5194 (ut
470 5128 581 5194 rocam)
600 5130 721 5180 connita

187 5228 237 5295 ι)
255 5230 898 5366 cantassemus·
912 5303 1168 5369 ,ι
1218 5269 1267 5338 a
1285 5267 1421 5336 a„
1437 5268 1490 5322 a
1507 5271 1533 5322 ,.
1552 5269 1708 5340 ,aaa

257 5370 296 5435 pit
312 5370 529 5423 consolationem.
719 5421 724 5430 ,
820 5392 822 5397 ·
1218 5370 1267 5438 2⁸)
1284 5373 1336 5440 sic]
1353 5371 1403 5427 lte
1422 5373 1449 5425 ι.
1466 5373 1535 5424 siout
