4786 6210
764 338 803 405 11.
846 338 887 405 Β.
933 335 1181 404 CONFESSIO
1204 334 1481 404 AUGUSTANA
1503 336 1616 404 ipss.

976 576 1404 660 EPlLOGVS.¹)

270 742 299 819 ²)
311 738 352 802 111
376 751 453 803 suut
475 737 646 821 praecipui
664 734 814 815 articuli,
843 736 898 821 qui
925 736 1081 801 videntur
1109 735 1166 801 ha·
1213 731 1350 802 suerunt
1381 735 1424 800 de
1451 732 1686 821 indulgentiJs,
1721 735 1762 799 dc
1790 737 2131 820 peregrinationibus,
2155 742 2197 804 de

181 830 262 898 here
286 825 568 901 controuersiam,
601 844 789 910 quanquam
824 822 911 887 enim
941 824 982 887 dc
1012 821 1165 907 pluribus
1214 823 1323 890 abusu
1352 823 1715 888 excommunicationis.
1763 821 1948 887 Paroclriae
1976 823 2199 908 rrrrrltipliciter

181 913 345 980 abusibus
369 911 435 976 dici
458 921 606 995 poterat,
641 921 767 985 taisson,
797 920 833 972 vt
866 907 1061 995 fugeremus
1089 928 1165 992 pro·
1212 911 1424 975 vexabantur
1445 929 1505 990 per
1527 908 1761 975 stationarios,
1795 909 2194 984 1111111131111111111-

181 998 359 1073 lisitatem,
391 997 569 1079 piaccipua
605 992 768 1078 corniolesi
801 1015 934 1074 sutrrus,
968 1015 1010 1058 ex
1044 996 1165 1080 quibus
1213 1014 1277 1059 nes
1298 1005 1395 1059 erant
1417 993 1610 1060 pastoribus
1642 1015 1716 1059 cum
1743 992 1937 1078 Monacbis,
1969 998 2010 1060 de
2037 999 2107 1063 iure
2134 1000 2200 1066 Pa·

184 1096 318 1153 caetera
341 1080 440 1146 facile
467 1083 605 1146 iudicari
635 1091 788 1165 possunt.
835 1081 978 1166 biegnae
1008 1079 1166 1166 querelae
1215 1078 1368 1159 rochiali,
1393 1082 1434 1146 de
1457 1077 1739 1158 confessionibus
1761 1082 1803 1146 de
1825 1081 2018 1166 sepulturis
2040 1086 2084 1149 de
2103 1099 2200 1151 extra

185 1240 387 1258 m·-

252 1344 368 1394 Christo.
404 1343 477 1392 Haec
495 1342 625 1391 sententia
649 1341 711 1389 satis
736 1340 827 1403 docet,
850 1339 968 1390 homines
994 1354 1048 1389 nou
1072 1341 1166 1390 mereri

252 1415 432 1463 remissionem
451 1419 614 1475 peccatorum
632 1410 747 1476 proprijs
766 1409 885 1474 operibus
903 1410 945 1459 uel
964 1410 1069 1460 diuinae
1089 1411 1164 1473 legis,

252 1485 293 1532 uel
313 1482 480 1531 traditionum
499 1480 676 1530 barnanarum.

285 1552 340 1617 Alij
360 1551 495 1610 admoniti,
514 1557 637 1611 quantum
655 1551 751 1613 primus
769 1546 811 1597 hic
830 1561 904 1597 error
928 1546 1023 1597 lrabeat
1047 1547 1164 1596 absurdi-

251 1623 319 1688 tatis,
337 1622 465 1684 incipiunt
483 1619 654 1667 uerecundius
672 1619 744 1680 loqui
764 1617 797 1665 de
821 1614 1023 1677 traditionibus,
1049 1617 1104 1669 Sed
1127 1626 1164 1667 ta·

251 1705 310 1742 men
330 1704 443 1737 errorem
462 1703 515 1736 non
535 1688 697 1737 tolerandum
721 1687 850 1746 retinent,
873 1687 963 1736 dicunt
987 1686 1052 1736 haec
1077 1701 1165 1750 opera,

253 1762 301 1808 etsi
319 1774 372 1808 nou
391 1754 523 1806 merentur
542 1758 721 1806 rerrrissionem
739 1764 912 1820 peccatorum,
931 1766 1018 1806 tamen
1037 1770 1093 1804 esse
1112 1756 1165 1805 cul-

252 1834 293 1876 tas
312 1826 372 1888 Dei,
390 1828 417 1876 id
437 1836 483 1887 est,
503 1842 592 1890 opera,
611 1841 720 1889 qnorum
738 1826 797 1874 linis
816 1827 850 1872 sit
872 1825 1049 1888 immediatus,
1074 1832 1102 1873 ut
1119 1839 1165 1889 per

253 1913 284 1947 ea
309 1897 380 1946 Deus
407 1897 508 1945 honore
535 1895 679 1945 adficiatur.
717 1895 853 1943 Acerrime
879 1895 1051 1943 resistendum
1079 1902 1117 1944 est
1140 1902 1166 1942 et

251 1966 314 2015 huie
334 1968 425 2027 errori,
445 1965 564 2014 Christus
582 1968 650 2014 enim
669 1971 758 2027 aperte
778 1965 850 2012 dicit.
886 1964 993 2013 Frustra
1015 1965 1106 2013 colant
1123 1976 1165 2011 mc

250 2036 379 2085 maridatis
397 2035 539 2086 hominnm.
570 2034 606 2082 Et
621 2034 718 2084 Paulus
742 2047 864 2095 expresse
888 2034 993 2082 damnat
1015 2029 1164 2101 ἐθελοθρη-

251 2106 329 2160 osiris
355 2105 388 2152 ad
408 2105 589 2154 colossenses.
626 2103 736 2150 Etcum
756 2109 878 2165 oporteat
896 2105 978 2151 cultus
998 2102 1048 2151 Dei
1068 2105 1095 2152 iu
1112 2104 1164 2152 iide

249 2172 315 2235 fleri,
335 2187 441 2221 necesse
461 2180 499 2220 est
517 2187 564 2220 nos
579 2171 675 2221 habere
689 2172 741 2220 Dei
755 2172 870 2231 uerbum,
889 2173 959 2235 quod
976 2178 1084 2221 testetur
1099 2186 1163 2237 opus

248 2242 308 2294 Deo
328 2243 440 2306 plaeere.
472 2241 610 2300 Quomodo
627 2244 696 2289 enim
714 2248 800 2305 potest
817 2241 976 2291 conscientia
995 2241 1053 2290 Deo
1070 2241 1163 2290 offerre

254 2326 327 2375 opus,
339 2313 360 2360 si
371 2327 425 2360 non
438 2319 509 2359 extet
527 2327 579 2359 rior
589 2312 649 2370 Dei,
660 2324 726 2373 qaae
737 2311 858 2358 ostendat
867 2311 951 2358 Deum
969 2312 1007 2358 sic
1017 2311 1084 2360 uelle
1103 2312 1163 2370 coli,

249 2383 316 2430 uelle
334 2381 385 2430 hoc
404 2381 504 2430 bonore
522 2379 608 2431 adfici.
644 2378 698 2430 Sed
716 2380 783 2428 banc
802 2381 834 2429 de
852 2379 904 2428 fide
922 2381 1067 2429 doctrinam
1090 2380 1161 2444 impij

249 2448 368 2499 homines
386 2466 440 2500 non
459 2450 650 2514 intelligentes,
669 2450 789 2498 omuibus
808 2450 901 2497 saulis
925 2449 1060 2500 horrenda
1084 2451 1162 2497 auda·

249 2522 290 2569 cia
307 2520 440 2570 tinxerunt
464 2522 563 2581 cultus,
588 2521 643 2569 sine
666 2519 790 2567 mandato
815 2526 841 2567 et
858 2519 940 2567 uerbo
957 2520 1022 2582 Dei,
1050 2519 1163 2583 quodsi

248 2589 305 2639 lieri
322 2590 397 2652 licet,
422 2604 476 2638 non
499 2596 584 2653 potest
607 2590 659 2637 dici
689 2602 781 2650 causa,
807 2602 852 2635 cnr
877 2602 931 2636 non
957 2591 1079 2653 placeant
1103 2589 1162 2637 Deo

249 2658 362 2708 Ethuira
381 2659 520 2720 sacrificia,
538 2659 710 2708 mactationes
736 2672 835 2719 canum,
855 2657 956 2706 hostiae
974 2660 1163 2721 lampsacenae,

250 2735 276 2776 et
303 2731 356 2779 alia
382 2737 511 2791 portenta.
549 2728 608 2787 Quo
636 2729 689 2776 ruit
716 2727 830 2776 bumana
859 2727 969 2776 autlacia
997 2742 1051 2775 non
1079 2729 1163 2777 solum

249 2798 317 2862 apud
335 2797 470 2858 Ethnicos,
489 2799 515 2845 in
534 2797 662 2859 fingendis
681 2796 805 2856 cultibus,
830 2797 877 2844 sed
900 2796 979 2844 ctiam
1005 2798 1032 2845 in
1055 2795 1163 2846 Pontifi-

250 2869 293 2916 cio
313 2875 390 2914 coetu
409 2866 566 2929 excogitatis
585 2866 696 2914 subinde
714 2867 789 2915 nouis
809 2872 836 2913 ct
852 2865 971 2915 absurdis
999 2867 1163 2931 ceremoniis,

248 2936 276 2985 in
298 2936 463 2983 inuocatione
489 2943 668 2997 mortuorum,
698 2937 724 2983 in
752 2938 922 2985 ueneratione
952 2942 1113 2996 sanctorum,
1137 2937 1164 2984 in

248 3003 438 3053 Monachoram
456 3001 649 3069 parroaoyaia.
674 3002 761 3055 Simas
778 3004 858 3067 igitur
868 3004 1009 3066 uigilantes
1026 3004 1076 3054 hoc
1094 3005 1163 3066 loco,

249 3087 298 3122 nec
317 3076 430 3122 sinamus
448 3074 573 3137 Ecclesijs
592 3073 695 3122 obtrudi
713 3074 798 3136 leges,
818 3088 884 3136 qaae
908 3080 1061 3137 proponunt
1084 3088 1165 3138 opera

250 3142 305 3191 sine
332 3143 458 3192 mandato
482 3143 546 3203 Dei,
573 3149 695 3206 tauquam
726 3144 808 3192 cultas
830 3151 856 3191 et
882 3143 1007 3194 iusticias.
1044 3143 1079 3192 Et
1106 3160 1163 3193 cnm

247 3209 314 3259 banc
334 3212 366 3259 de
385 3212 494 3260 cultibus
514 3212 665 3275 opinionem
682 3220 789 3261 assuant
807 3227 897 3261 omnes
913 3213 1067 3279 aduersarii,
1085 3214 1163 3263 etiam

248 3281 292 3345 qui
311 3282 528 3329 uerecundissime
548 3279 695 3345 loquuntur,
723 3282 834 3330 sciamus
852 3284 923 3344 pium
942 3298 1008 3346 opus
1027 3296 1100 3346 esse,
1122 3297 1163 3332 re-

248 3350 369 3412 clamare,
390 3357 416 3398 et
433 3351 578 3398 uiolatione
602 3352 690 3399 taliam
715 3352 882 3399 traditionum
907 3353 1054 3416 exemplum
1077 3360 1162 3402 osten-

248 3418 318 3479 dere,
348 3433 381 3467 ex
409 3435 460 3480 qno
488 3420 523 3483 pij
550 3421 666 3480 discant,
691 3422 754 3482 quid
778 3421 941 3469 sentiendum
959 3424 1001 3471 sit.
1037 3420 1112 3471 Sicut
1130 3423 1162 3472 de

247 3488 338 3538 Attalo
357 3488 448 3537 scribit
466 3488 603 3550 Eusebius,
624 3490 747 3539 diuinitus
766 3490 865 3538 iussam
884 3504 948 3550 esse,
967 3498 997 3540 nt
1013 3492 1089 3541 alteri
1107 3493 1162 3540 cui-

248 3557 308 3607 dam
327 3558 424 3607 diceret
441 3560 557 3607 uescenti
575 3565 675 3607 tantum
699 3574 780 3624 pane,
807 3561 874 3619 sale,
893 3568 920 3608 et
936 3575 1017 3624 aqua,
1043 3567 1072 3610 ut
1097 3561 1163 3611 cibis

249 3628 430 3678 communibus
446 3635 569 3688 uteretur,
587 3643 621 3676 ne
639 3629 696 3693 alijs
716 3643 831 3679 errorem
850 3629 1006 3680 offunderet.

282 3696 367 3746 Porro
394 3696 436 3745 bic
459 3698 588 3746 secundus
613 3712 701 3761 error,
728 3699 760 3746 de
784 3699 867 3759 cultu,
897 3700 948 3748 late
974 3704 1085 3763 uagatus
1114 3704 1160 3749 est.

247 3764 326 3815 Multi
353 3767 465 3814 enimin
488 3766 609 3816 Ecclesia
632 3767 732 3830 decepti
757 3773 816 3816 strat
839 3765 994 3827 κακοζηλία.
1031 3767 1161 3818 Leuitico·

246 3849 304 3884 rurn
323 3836 537 3896 ceremoniarum,
555 3850 586 3884 ac
603 3844 762 3900 putauerunt
779 3838 807 3884 iu
825 3850 895 3885 nouo
905 3838 1074 3886 Testamenta
1084 3852 1161 3901 opor-

247 3910 303 3954 tere
322 3905 418 3955 similes
437 3906 540 3968 aliquos
558 3905 622 3953 ritus
641 3920 708 3966 esse,
727 3912 752 3953 et
770 3904 819 3953 hos
839 3919 895 3953 esse
921 3907 1004 3955 cultus
1026 3906 1092 3969 Dei,
1117 3921 1163 3956 seu

247 3988 290 4024 res
308 3989 355 4039 per
373 3990 437 4040 quas
454 3976 520 4022 uelit
537 3973 609 4022 Deus
627 3989 654 4022 se
672 3974 772 4023 honore
790 3973 881 4035 adfici,
906 3981 933 4022 et
954 3976 1072 4025 iusticias
1096 3989 1162 4026 esso.

246 4040 363 4107 Ideoque
382 4044 529 4094 tribuerunt
546 4043 686 4107 Episcopis
704 4043 871 4093 autoritatem
889 4044 954 4093 tales
973 4045 1040 4094 ritus
1059 4051 1086 4094 et
1109 4045 1162 4095 cul·

248 4120 290 4164 tus
315 4114 478 4163 instituendi.
522 4112 599 4162 Hunc
630 4111 808 4162 Pharisaicum
846 4126 961 4161 errorem
991 4112 1110 4164 Christus
1137 4121 1164 4164 et

248 4183 371 4249 Apostoli
394 4189 533 4245 taxarunt,
555 4183 599 4245 qui
623 4182 720 4232 docent
744 4182 827 4230 cultus
850 4181 878 4231 in
904 4196 975 4232 nouo
993 4183 1162 4233 Testamenta

248 4265 305 4304 esse
322 4253 522 4316 poenitentiam,
544 4253 664 4301 timorem
682 4251 747 4313 Dei,
765 4250 857 4314 iidem,
881 4258 908 4301 et
932 4266 1014 4318 opera
1032 4254 1163 4317 decalogi,

247 4328 278 4371 ut
294 4321 390 4372 Paulus
409 4324 499 4386 inquit
534 4320 654 4385 Regnum
672 4322 724 4370 Ilei
742 4334 795 4370 nou
815 4327 855 4371 est
872 4335 933 4373 esca
954 4333 981 4371 et
1003 4328 1092 4387 potus,
1115 4324 1164 4373 sed

247 4392 353 4442 iusticia
370 4400 395 4440 et
412 4406 465 4458 pax
484 4398 510 4440 et
527 4393 651 4454 gaudium
670 4393 697 4439 iu
715 4391 808 4456 spiritu
826 4398 926 4442 sancto.
965 4390 1018 4452 Qui
1043 4393 1113 4443 enlm
1135 4395 1163 4442 in

1186 2146 1191 2258 Ι

1283 1342 1335 1391 tuis
1353 1340 1538 1404 sacrificantes,
1555 1341 1690 1404 tingebant
1706 1357 1734 1392 se
1751 1345 1849 1394 imitari
1867 1342 2020 1395 acaronem
2038 1345 2197 1397 offerentem.

1284 1407 1338 1461 Sed
1356 1408 1421 1460 haee
1439 1411 1558 1474 exempla
1576 1426 1629 1460 nou
1653 1414 1820 1462 conueniunt.
1856 1413 2047 1463 Moiraohorum
2071 1417 2149 1475 ritus,
2169 1425 2195 1466 et

1215 1480 1219 1487 '
1284 1479 1408 1528 uenditae
1425 1480 1629 1528 sacrificulorum
1647 1480 1860 1532 bissenorum
1884 1483 1982 1532 habeut
2005 1484 2110 1533 uerbum
2133 1485 2195 1546 Dei,

1283 1547 1340 1598 Imo
1359 1549 1491 1598 admixtae
1508 1558 1568 1599 sunt
1585 1550 1682 1600 multae
1699 1552 1827 1601 absurdae
1846 1554 1992 1616 opiniones,
2012 1568 2076 1615 quas
2100 1557 2126 1603 in
2145 1555 2193 1603 Ec-

1284 1619 1363 1668 clesia
1380 1619 1466 1668 taxari
1482 1633 1589 1668 necesse
1607 1627 1654 1668 est.

1318 1686 1423 1737 Tertius
1450 1703 1524 1738 error
1550 1695 1590 1736 est
1616 1690 1707 1751 opinio
1730 1692 1908 1752 necessitatis,
1935 1689 1994 1750 Qua
2020 1693 2197 1756 imaginantur
2254 1745 2262 1763 ⁶

1281 1756 1426 1807 Ecclesiam
1448 1771 1506 1807 esse
1533 1758 1643 1807 similem
1670 1761 1761 1808 ceteris
1788 1760 1887 1824 politijs
1915 1759 2050 1821 ltunranis,
2079 1764 2198 1826 cogitant

1283 1842 1392 1891 reguum
1411 1841 1466 1875 esse
1484 1827 1512 1874 in
1529 1841 1581 1891 quo
1600 1826 1721 1893 Episcopi
1740 1837 1769 1877 ut
1786 1827 1888 1892 Rogas,
1905 1839 2060 1893 potestatem
2085 1832 2199 1882 habeant

1283 1896 1415 1946 condendi
1433 1896 1504 1960 leges
1523 1912 1605 1945 noritis
1625 1908 1701 1946 extra
1722 1898 1909 1961 Erraugelinm,
1934 1907 1961 1948 et
1983 1899 2023 1949 his
2049 1903 2196 1950 necessario

1282 1965 1458 2015 obediendum
1477 1979 1547 2026 esse,
1567 1967 1634 2014 sieut
1652 1966 1754 2030 Regum
1776 1967 1878 2030 legibus
1903 1970 2049 2018 necessario
2074 1970 2198 2019 obedien·

1282 2035 1343 2084 dum
1362 2042 1414 2095 est,
1437 2036 1575 2099 presertim
1600 2052 1658 2085 cum
1681 2035 1745 2085 haee
1763 2038 1819 2085 uita
1847 2037 1977 2085 bominum
2006 2054 2095 2088 carere
2122 2054 2193 2087 cere·

1281 2106 1375 2168 mouijs
1394 2119 1448 2153 uon
1466 2106 1556 2168 possit.
1592 2104 1627 2155 Et
1644 2105 1709 2155 hacc
1727 2108 1817 2169 opinio
1837 2109 1997 2156 necessitatis
2022 2124 2099 2174 saepe
2127 2111 2195 2159 cxci·

1280 2175 1516 2237 taniteertsmina,
1534 2174 1594 2222 dum
1619 2189 1679 2223 suos
1702 2176 1811 2239 quisque
1834 2177 1899 2224 ritus
1922 2176 2048 2226 lnuuanos
2073 2186 2195 2242 tanquam

1280 2244 1442 2292 necessarios
1462 2243 1587 2292 defendit.
1623 2241 1676 2293 Sed
1695 2240 1811 2292 Christus
1830 2251 1856 2292 et
1873 2244 1996 2309 Apostoli
2016 2247 2111 2295 <locent
2129 2249 2195 2296 tales

1279 2314 1344 2360 ritus
1362 2313 1418 2361 sine
1436 2311 1559 2362 mandato
1577 2310 1629 2362 Dei
1647 2315 1805 2377 propositos,
1824 2328 1877 2363 uon
1902 2314 2038 2364 habendos
2067 2330 2122 2364 csse
2146 2331 2195 2380 pro

1279 2380 1356 2429 rebus
1374 2384 1536 2447 neccssarijs.
1572 2380 1673 2431 Contra
1689 2382 1758 2432 haue
1775 2384 1925 2432 libertatem
1943 2388 2069 2434 sancitam
2087 2392 2113 2433 ct
2131 2399 2195 2434 con·

1280 2450 1396 2499 stitutam
1415 2451 1554 2500 ammirato
1571 2451 1669 2510 diuina,
1687 2465 1741 2500 non
1759 2460 1798 2500 est
1815 2453 1968 2515 recipienda
1990 2456 2095 2517 opinio,
2121 2455 2193 2518 quod

1279 2520 1388 2569 uiolatio
1408 2519 1575 2569 traditionum
1593 2521 1738 2568 mediarum
1756 2530 1831 2570 extra
1847 2535 1935 2570 casum
1953 2523 2070 2573 scandali
2089 2523 2123 2570 sit
2134 2538 2194 2586 pec·

1282 2595 1375 2641 catam.
1412 2589 1471 2638 Huc
1488 2590 1600 2653 pertinet
1624 2590 1720 2640 dictum
1744 2589 1835 2652 Pauli,
1859 2588 1943 2638 Nemo
1968 2607 2016 2640 uos
2041 2592 2139 2640 iudicat
2166 2592 2195 2642 ia

1281 2659 1350 2720 cibo,
1368 2664 1442 2721 potu,
1461 2660 1561 2708 uicibus
1580 2660 1632 2709 diei
1657 2659 1720 2707 festi
1743 2666 1793 2710 etc.
1829 2657 1898 2708 Nam
1922 2660 2039 2709 iudicare
2062 2660 2195 2724 significat

1281 2728 1398 2791 obligare
1417 2728 1600 2790 conscientias,
1619 2735 1645 2777 et
1662 2729 1786 2778 damnare
1804 2742 1858 2779 uon
1876 2729 2093 2791 obtemperantes.
2128 2730 2195 2779 Item

1281 2798 1314 2847 sd
1333 2798 1449 2849 Galatas.
1468 2799 1494 2849 b.
1523 2797 1597 2849 State
1625 2798 1652 2847 in
1680 2797 1813 2859 libertato,
1839 2813 1889 2862 qno
1912 2798 2031 2851 Christus
2056 2813 2105 2848 uos
2128 2799 2193 2849 libe·

1280 2870 1348 2916 rauit
1366 2875 1414 2916 etc.

1316 2937 1449 2994 Hactenus
1474 2934 1571 2984 dictum
1598 2942 1651 2996 est,
1679 2941 1806 3001 quatenns
1830 2949 1884 2984 non
1911 2936 1990 2984 liccat
2013 2943 2058 2985 aut
2081 2937 2196 2986 condere
2240 2974 2249 2989 .

1281 3005 1434 3055 traditiones
1453 3012 1498 3053 aut
1516 3005 1672 3070 adprobare.
1709 3003 1808 3063 Querat
1830 3005 1909 3066 igitur
1933 3005 2041 3069 aliquis,
2065 3019 2098 3054 au
2114 3007 2197 3055 uitam

1280 3073 1349 3125 banc
1366 3075 1499 3126 homiuum
1518 3076 1575 3124 sine
1594 3073 1696 3133 ordine,
1714 3075 1770 3122 sine
1788 3074 1880 3122 ritibus
1905 3087 1961 3123 esse
1987 3074 2106 3122 uelimus.
2142 3074 2195 3123 Ne-

1280 3159 1418 3209 quaquam.
1453 3142 1507 3195 Sed
1534 3145 1654 3193 docemus
1678 3150 1795 3208 pastores
1818 3157 1894 3191 ueros
1916 3143 2094 3193 Ecclesiarum
2116 3156 2196 3207 posse

1281 3215 1309 3264 in
1328 3214 1451 3277 EcclesiJ's
1479 3215 1531 3263 suis
1561 3213 1680 3278 publicos
1710 3213 1776 3261 ritus
1800 3211 1951 3274 instituere,
1976 3213 2024 3261 sed
2041 3219 2141 3260 tautum
2159 3213 2195 3262 ad

1279 3284 1358 3333 finem
1384 3283 1560 3347 corporalem,
1584 3282 1635 3332 hoc
1663 3288 1717 3343 est,
1743 3281 1809 3332 boni
1836 3282 1935 3330 ordinis
1953 3295 2044 3343 causa,
2067 3279 2196 3330 uidelicet

1280 3353 1346 3403 ritus
1365 3352 1444 3402 utiles
1463 3354 1496 3402 ad
1516 3352 1661 3402 docendam
1677 3351 1880 3413 multitudinem,
1899 3358 1927 3400 ut
1945 3357 2029 3400 certos
2049 3351 2119 3410 dies,
2138 3363 2194 3398 cer·

1280 3428 1320 3472 tas
1338 3421 1473 3482 lectiones,
1492 3427 1519 3471 et
1535 3423 1612 3486 siqua
1628 3427 1689 3470 sunt
1713 3421 1822 3482 similia,
1846 3421 1892 3469 sed
1914 3422 1970 3469 siue
1994 3419 2193 3484 supersticione,

1280 3498 1307 3541 et
1324 3492 1382 3540 siue
1400 3492 1523 3556 opinione
1547 3491 1722 3551 necessitatis,
1748 3497 1778 3537 nt
1801 3496 1862 3539 ante
1884 3489 1982 3539 dictum
2005 3497 2054 3538 est.
2090 3487 2125 3536 Et
2148 3487 2196 3537 has

1279 3559 1460 3610 ordinationes
1478 3562 1580 3609 uiolare
1598 3569 1673 3609 extra
1692 3575 1779 3608 cusum
1797 3559 1922 3620 scandali,
1942 3574 1995 3607 uon
2009 3560 2117 3608 ducatur
2137 3570 2196 3607 esse

1278 3636 1429 3693 peccatum,
1452 3626 1506 3677 Sed
1533 3631 1555 3679 si
1586 3643 1644 3677 cum
1671 3629 1797 3679 seandalo
1820 3629 1966 3692 uiolentur,
1992 3628 2038 3676 ubi
2059 3626 2195 3676 Ecclesiae

1278 3706 1350 3747 recte
1369 3697 1527 3746 constitutae
1545 3705 1614 3759 suut,
1632 3711 1681 3745 nec
1699 3692 1773 3746 error
1792 3698 1876 3745 estin
1896 3697 2024 3757 doctrina,
2043 3695 2118 3748 Sciat
2135 3696 2194 3745 uio·

1277 3766 1336 3816 laus
1355 3766 1402 3815 tali
1420 3766 1480 3815 loco
1498 3780 1527 3815 se
1550 3780 1673 3830 peccare,
1699 3767 1762 3829 qnia
1787 3764 1922 3815 Ecclesiae
1943 3772 2016 3815 recte
2040 3765 2195 3815 constitutae

1278 3836 1493 3900 tranquillitatem
1518 3837 1662 3900 perturbat,
1679 3843 1725 3884 aut
1743 3835 1809 3884 alios
1827 3849 1844 3884 a
1861 3851 1924 3884 uero
1943 3837 2088 3885 ministerio
2113 3834 2194 3884 abdu-

1279 3906 1323 3956 cit.
1359 3905 1433 3954 Haec
1451 3906 1520 3954 ratio
1538 3905 1601 3955 satis
1620 3905 1702 3954 munit
1718 3905 1885 3955 autoritatem
1902 3906 2006 3955 utilium
2014 3904 2195 3964 traditionum,

1280 3982 1307 4026 et
1324 3989 1378 4023 nou
1397 3972 1482 4038 iuijcit
1497 3975 1619 4039 laqueum
1637 3974 1819 4038 consciencijs.

1314 4041 1359 4096 Sic
1375 4041 1496 4094 Ecclesia
1518 4043 1598 4094 inicio
1622 4051 1709 4093 certos
1733 4042 1789 4092 dies
1807 4041 1960 4107 {ordinauim
1984 4042 2053 4093 diem
2074 4039 2196 4091 Domini-

1279 4128 1345 4175 otrnr,
1363 4112 1485 4164 Natalem
1504 4112 1611 4175 Christ-i,
1628 4114 1727 4177 Pasce,
1744 4112 1919 4165 Pentt·.¹osteu
1938 4119 1988 4161 etc.
2014 4110 2073 4161 Nec
2090 4110 2194 4174 dispen-

1280 4184 1348 4234 sauit
1365 4183 1483 4233 Ecclesia
1501 4183 1534 4232 de
1553 4183 1688 4247 decalogo,
1706 4183 1753 4232 sed
1771 4184 1897 4233 autoritas
1921 4182 2011 4231 diuina
2034 4180 2195 4230 ceremonias

1278 4253 1344 4316 legis
1362 4252 1496 4303 Moesicae
1513 4252 1668 4316 abrogauit,
1687 4258 1714 4301 et
1735 4258 1822 4301 tamen
1848 4251 1974 4316 populum
1997 4249 2065 4301 seire
2089 4253 2196 4312 oportet

1280 4322 1386 4390 quaudo
1414 4322 1623 4373 conueniendum
1649 4323 1696 4383 sit,
1723 4322 1757 4371 ad
1774 4321 1962 4385 Euangelium,
1986 4327 2013 4369 et
2035 4318 2069 4368 ad
2093 4316 2194 4368 Christi

1281 4393 1449 4443 ceremonias.
1485 4391 1551 4442 ideo
1569 4391 1649 4456 aliqui
1668 4391 1724 4439 dies
1743 4389 1879 4440 constituti
1897 4395 1973 4450 saut,
1989 4388 2046 4439 sine
2063 4385 2116 4436 illis
2137 4386 2194 4450 opi·

1280 4462 1402 4511 uionibus
1420 4461 1454 4510 de
1472 4461 1564 4524 quibus
1587 4473 1665 4524 supra
1688 4460 1815 4520 diximus,
1839 4457 1880 4507 Ac
1901 4466 1990 4506 manet
2012 4458 2040 4506 in
2063 4455 2194 4517 decalogo

248 4459 290 4511 his
308 4463 388 4511 semit
405 4462 527 4522 Christo,
544 4462 630 4524 placet
647 4458 721 4522 Deo,
746 4466 772 4508 et
796 4459 920 4524 probatus
939 4466 981 4510 est
1004 4461 1161 4513 homiuibus.

1282 4544 1366 4594 genus
1390 4536 1420 4579 ut
1442 4529 1573 4596 aliquibus
1600 4529 1759 4592 temporibus
1789 4527 1975 4577 conueniamas
2004 4527 2039 4576 ad
2064 4524 2130 4575 haec
2151 4524 2197 4589 pis

179 4667 376 4684 -ι-ι

1211 4667 1420 4687 m

1282 4779 1349 4822 stras
1367 4784 1430 4819 uere
1449 4782 1506 4818 esse
1523 4766 1670 4818 doctrinam
1686 4768 1714 4817 ln
1731 4767 1834 4831 scriptis
1846 4766 2008 4832 propheticis
2033 4772 2060 4817 et
2081 4765 2196 4830 Aposto-

1280 4841 1337 4892 licis
1366 4839 1502 4898 traditam,
1529 4843 1555 4886 et
1580 4850 1734 4887 consensum
1763 4837 1906 4887 catholicae
1931 4836 2065 4887 Ecclesiae
2087 4832 2194 4893 Christi,

1282 4910 1323 4959 cul
1350 4909 1429 4958 etiam
1453 4907 1609 4957 eruditiores
1640 4906 1781 4970 scriptores
1807 4906 1985 4956 Ecclesiastici
2016 4904 2195 4955 testimouium

1281 4991 1359 5042 saepe
1376 4976 1520 5042 perhibent.
1547 4977 1588 5027 Ao
1606 4974 1739 5026 offerimus
1757 4989 1805 5026 nos
1821 4976 1856 5025 ad
1875 4977 2075 5042 explicationem
2090 4971 2195 5035 longio-

1281 5062 1351 5107 rem,
1375 5046 1523 5112 ubicunqae
1550 5061 1614 5112 opus
1639 5046 1697 5096 erit.
1737 5041 1847 5094 Oramus
1873 5055 1960 5096 autem
1981 5046 2067 5096 Deam
2092 5050 2195 5107 patrem
2232 5077 2235 5085 .

1279 5116 1388 5167 Domini
1407 5117 1490 5166 nostri
1508 5115 1569 5166 Iesu
1586 5113 1701 5175 Christi,
1719 5122 1748 5163 ut
1772 5114 1828 5179 ipse
1850 5114 1999 5166 Ecclesiam
2023 5126 2112 5174 susm,
2134 5122 2194 5159 sau·

1280 5187 1359 5250 gutna
1376 5185 1424 5253 filij
1442 5185 1619 5251 redemptam,
1640 5182 1777 5248 gubernet,
1800 5192 1901 5249 seruet,
1925 5190 2019 5250 purget
2043 5187 2070 5232 et
2086 5183 2190 5244 meet-

1280 5255 1376 5306 Amen.

1228 5340 1261 5410 8)
1278 5339 1414 5409 Infinitael
1432 5340 1471 5394 sio
1485 5348 1553 5395 recte
1569 5339 1652 5394 aare.
1671 5342 1698 5395 1.
1715 5339 1760 5405 aa
1775 5339 1827 5393 Ed.
1845 5338 1885 5395 a:
1902 5336 2007 5390 111111(

196 4771 228 4840 1)
245 4770 387 4838 Epilogus]
405 4769 468 4822 laec
484 4770 626 4838 inscriptio,
644 4785 707 4838 qaae
723 4771 750 4821 ia
767 4770 852 4823 Editt.
873 4773 897 4825 1.
915 4771 942 4824 2.
960 4771 988 4825 3.
1013 4771 1120 4838 epar,
1137 4771 1165 4821 ia

248 4840 299 4893 Ed.
317 4844 343 4896 4.
363 4842 455 4892 omissa
472 4846 517 4893 ed.

194 4960 227 5030 2)
245 4961 282 5013 Hi
302 4970 362 5012 suut
378 4962 510 5028 praecipui
528 4959 639 5021 articuli,
657 4984 691 4997 -
710 4985 745 4997 -·
761 4958 838 5021 Deo,
855 4961 976 5024 volente,
1001 4961 1076 5011 iuxta
1100 4961 1164 5012 scri·

248 5038 338 5097 pturas
358 5031 504 5095 exhibere]
522 5031 560 5080 sic
576 5027 617 5080 hic
634 5029 761 5094 Epilogus
778 5031 806 5079 ia
822 5029 905 5081 Editt.
925 5033 949 5083 1.
968 5031 993 5082 2.
1011 5032 1038 5083 3.
1063 5027 1164 5082 attte-

248 5107 305 5166 tm,
322 5095 349 5151 'ia
364 5102 417 5153 Ed.
434 5104 460 5156 4.
478 5116 550 5163 vero,
568 5101 659 5150 omisso
675 5099 843 5166 inscriptione,
858 5114 906 5167 pro
923 5099 977 5151 illis
994 5099 1091 5168 sorpta
1108 5105 1164 5150 mtrt

248 5167 353 5224 Mesoa:

285 5274 425 5341 complexi
451 5287 539 5325 mutas
566 5286 692 5323 summam
714 5269 850 5322 deciduae
871 5268 1050 5337 Euaugsllcse
1072 5282 1163 5321 neem·

249 5346 346 5397 sariam
363 5343 504 5410 Ecclesits,
519 5341 577 5394 Nec
600 5342 746 5394 dubitamus
768 5341 816 5393 bas
837 5342 908 5409 lpses
937 5340 1085 5394 seutmdss
1114 5354 1164 5392 no·

247 4528 375 4581 Monachi
393 4545 422 4581 se
439 4531 575 4582 Nazareos
603 4544 660 4581 esse
682 4528 832 4594 fingebant,
849 4529 996 4582 sacrificuli
1017 4547 1067 4598 pro
1094 4546 1163 4582 mor·
