4808 6204
194 423 241 491 26
863 421 890 488 l.
934 421 976 489 A.
1011 419 1222 492 annuunt
1243 421 1551 491 warannonis.
2175 427 2219 493 16

194 606 433 692 transferrem,
467 608 662 679 charitatem
696 623 806 679 autam
839 632 908 678 non
936 612 1067 693 habeo,
1098 611 1210 724 nihilq
1317 611 1409 690 ltem,
1431 612 1527 699 leges
1550 611 1721 701 gentilium
1750 625 1828 682 sunt
1852 611 2048 701 exlegibus
2075 624 2217 681 naturae

194 719 281 766 snrn.
327 695 426 764 Cedit
456 699 558 785 igitur
589 701 623 765 in
655 692 715 764 tali
748 719 832 765 casu
865 697 950 765 fides
979 697 1180 785 aliquamdiu
1232 695 1404 765 collectae.
1448 702 1556 766 Poma
1579 697 1675 787 leges
1696 711 1835 766 naturae
1864 713 1941 766 sunt
1964 703 2062 766 etiarn
2084 699 2218 767 (livinae

194 784 370 877 charitati,
397 796 577 873 propterea
596 785 787 853 huiusmodi
809 784 1011 854 offensiones
1042 783 1179 874 diligen·
1229 784 1343 872 leges,
1370 784 1467 852 Rom.
1489 787 1522 852 2.
1566 787 1652 853 Sunt
1684 797 1795 853 autern
1821 784 1922 853 tales:
1954 786 2127 852 Neminem
2149 784 2218 854 lae-

194 884 247 940 ter
267 872 427 938 vitandae
449 883 540 938 sunt
582 870 677 937 llaec
698 874 782 937 satis
804 883 859 937 est
876 874 1059 938 monuisse.
1232 873 1323 953 dere,
1348 871 1451 939 Suum
1474 874 1583 939 unicui
1608 893 1652 939 ue
1672 874 1836 953 tribuere,
1870 873 1925 940 Ab
1946 871 2085 939 alterius
2107 891 2214 939 uxore

218 1008 223 1015 .
282 957 338 1023 Da
364 959 597 1025 traditionibus
618 957 789 1025 hominnm
815 977 883 1023 non
905 960 1046 1047 prodest
1067 978 1178 1044 usque
1230 960 1417 1039 abstinere,
1450 958 1560 1026 Certis
1607 962 1727 1047 egibus
1760 960 1969 1027 matrimonia
1999 958 2213 1038 contrahere,

193 1045 283 1113 adeo
297 1040 436 1112 multum
449 1045 596 1131 quotidie
618 1046 789 1130 disputare
806 1046 895 1130 apud
917 1044 1052 1131 vulgus,
1074 1049 1121 1124 ⁸⁶)
1132 1045 1179 1110 At
1231 1040 1323 1111 alere
1346 1043 1510 1130 sobolem,
1532 1049 1675 1113 reddere
1697 1048 1850 1128 gratiam,
1874 1045 2011 1113 obedire
2038 1046 2214 1132 magistra·

193 1133 251 1198 isti
283 1141 363 1196 sunt
390 1132 609 1197 maximorum
641 1128 878 1196 scandalorum
911 1145 1059 1214 autores,
1093 1133 1181 1197 sicut
1231 1134 1332 1199 tibus.
1365 1131 1461 1199 liaeo
1482 1135 1591 1199 omnia
1612 1133 1707 1200 Deus
1729 1136 1864 1221 scripsit
1884 1134 1919 1199 in
1940 1133 2059 1199 animis
2079 1132 2215 1198 nostris

193 1217 252 1305 qni
272 1213 378 1303 vulgo
399 1228 479 1282 sunt
500 1229 636 1284 autores
658 1218 794 1284 maioris
816 1215 983 1284 licentiae.
995 1221 1043 1297 ⁸⁶)
1067 1216 1180 1292 Quare
1319 1217 1723 1293 Quumanternvocamus
1736 1222 1880 1298 divinas,
1901 1219 2093 1305 scriptasin
2112 1238 2216 1284 saxo:

191 1301 1180 1463 1111111111.)12112112111112
1233 1324 1391 1456 iiiiii
1404 1325 1568 1457 iiiiii
1588 1303 2216 1462 iii,¹tssii0it¹i2⁸ant⁶titii

192 1470 605 1631 'dimitrii
620 1477 896 1630 timidis·
914 1435 1182 1637 {iiiiii
1232 1478 1398 1629 ‘iiiiiir
1419 1479 1665 1630 ⁸³⁰·ti0‘i¹¹⁸’
1686 1413 1776 1631 “lii
1797 1499 1861 1631 {⁰⁸
1875 1474 2219 1630 inliniri&

191 1646 292 1730 elios,
313 1607 383 1714 nolr
405 1660 605 1730 vescentes,
626 1671 695 1716 non
715 1587 852 1716 iadiceln
863 1587 925 1716 alls
946 1662 981 1715 et
1003 1584 1180 1716 abstinllat.
1232 1651 1310 1730 rint,
1324 1587 1369 1726 ⁹ll)
1385 1574 1486 1716 t’gill'
1512 1586 1809 1737 legibarrssmlglstrll²
1823 1586 2073 1737 ussuspendimus
2105 1644 2211 1728 fures,

192 1732 270 1801 Hoc
297 1732 474 1803 consilium
509 1737 600 1802 dedit
627 1735 829 1803 Ambrosius
856 1737 955 1802 matri
987 1735 1181 1823 Augustini,
1232 1732 1289 1801 lex
1312 1736 1401 1802 Masi
1424 1757 1490 1801 nou
1515 1737 1700 1823 suspendit.

192 1834 231 1889 nt
247 1818 378 1889 Boutae
400 1833 556 1889 servaret
577 1824 662 1889 ritus
686 1823 772 1900 eius,
792 1823 891 1888 nobis
913 1820 1095 1888 Mediolani
1112 1819 1180 1887 Me·
1318 1819 1514 1910 Deralogus
1536 1835 1646 1889 autem
1669 1822 1771 1910 exigit
1792 1824 1948 1890 iustitiam
1971 1821 2105 1901 cordis,
2138 1840 2216 1906 pro·

192 1904 365 1975 diolandm
386 1909 483 1985 ritus,
515 1909 599 1974 satis
622 1902 709 1975 enirn
730 1910 906 1988 sciret,⁸⁷)
928 1909 1019 1995 quod
1041 1927 1110 1973 non
1132 1908 1180 1975 iu·
1231 1919 1348 1995 pterea
1368 1931 1436 1975 non
1459 1920 1511 1975 est
1532 1911 1616 1976 abro
1662 1921 1736 1992 tus,
1769 1912 1847 1996 quia
1875 1909 2065 1976 Christiana
2091 1907 2217 1975 iustitia

191 1994 350 2062 suamne
386 1992 577 2082 Diligenter
598 1996 696 2061 etiarn
715 1995 905 2061 discernant
928 1992 1180 2061 ecclesiasticas
1233 2006 1285 2061 est
1305 1997 1430 2061 iustitia
1453 1997 1584 2076 cordis,
1631 2017 1676 2063 on
1694 1997 1780 2063 eninr
1803 2008 1856 2062 est
1877 1996 2067 2061 ceremonia
2078 2006 2217 2061 externa

191 2081 404 2162 traditionum,
426 2101 470 2147 ne
491 2093 608 2167 putent
628 2079 762 2168 legibus
781 2078 933 2150 civilibus
956 2081 1180 2147 conscientias
1233 2096 1290 2148 ant
1311 2084 1441 2147 interna
1462 2083 1617 2162 πολιτικά,
1639 2084 1660 2148 i.
1684 2104 1713 2148 e.
1731 2081 1855 2168 politia,
1878 2083 1939 2147 sed
1962 2082 2049 2148 sicut
2062 2084 2108 2154 ⁹¹)
2130 2081 2216 2148 l’au·

192 2186 265 2233 non
288 2168 402 2257 teneri.
423 2240 426 2245 ,
446 2166 500 2235 De
521 2167 576 2232 his
598 2171 686 2234 enim
707 2165 834 2234 Paulus
857 2170 922 2234 aite
946 2166 1089 2235 Obedite
1110 2187 1179 2232 non
1233 2166 1287 2233 lus
1308 2170 1366 2248 ait,
1386 2173 1552 2250 πολίτευμα
1573 2174 1604 2234 ἐν
1626 2169 1773 2255 οὐρανοῖς.
1823 2168 2009 2252 Propterea
2036 2167 2135 2232 etiarn
2158 2169 2216 2233 de·

191 2249 305 2320 solum
325 2263 466 2340 propter
486 2265 621 2333 metum,
641 2255 706 2320 sed
728 2256 827 2320 etiam
847 2266 986 2340 propter
1004 2253 1181 2321 conscien·
1233 2253 1308 2321 calo
1345 2275 1376 2320 rs
1399 2267 1451 2319 est
1472 2257 1634 2341 repetitus
1651 2257 1684 2320 in
1697 2252 1882 2342 Evangelio
1902 2267 1937 2319 et
1954 2254 2111 2339 exigitur,
2128 2253 2217 2318 sicut
2246 2321 2250 2329 ,
2330 2274 2333 2278 ·

192 2340 284 2407 arm.
321 2398 323 2403 ⁴
1232 2342 1279 2406 ait
1311 2275 1491 2408 boninus:
1525 2340 1601 2407 Non
1633 2342 1754 2428 peribit
1785 2361 1874 2427 apex
1907 2340 1950 2404 de
1983 2336 2070 2425 lege.
2120 2337 2215 2406 llaec

1231 2447 1312 2514 pars
1333 2425 1433 2515 legis,
1455 2447 1542 2513 quae
1564 2428 1689 2512 scripta
1709 2429 1812 2493 estin
1833 2427 2003 2505 cordibus,
2025 2444 2093 2490 non
2103 2434 2215 2512 potest

373 2542 436 2614 DE
456 2544 708 2615 ΠΒΕΒΤΑΤΕ
732 2544 1006 2614 ΟΗΒΙΜῚᾹΝΑ
1232 2511 1374 2595 aboleri,
1398 2535 1475 2581 cum
1496 2526 1617 2581 natura
1639 2515 1783 2580 bumana
1800 2533 1870 2579 non
1887 2513 1932 2585 sit
1946 2507 2084 2590 abolita,
2105 2513 2217 2598 inqua

1007 2592 1015 2609 ⁸
1232 2601 1361 2686 scripta
1393 2619 1528 2686 semper
1560 2611 1660 2667 estat.
1705 2599 1800 2666 Haec
1827 2601 1991 2666 docentur
2023 2598 2161 2682 copiose
2182 2597 2218 2663 in

277 2682 435 2751 Libertas
465 2681 654 2752 Christiana
675 2686 818 2772 primurn
840 2686 927 2752 haec
949 2696 1019 2765 est,
1053 2680 1180 2751 babere
1231 2686 1328 2752 Actis
1353 2685 1403 2752 15.
1437 2685 1535 2752 lianc
1552 2688 1693 2774 gradmn
1709 2683 1875 2752 libertatis
1888 2688 1934 2764 02)
1953 2694 2087 2759 oportet
2103 2694 2218 2749 tenere

188 2768 427 2837 remissionem
448 2782 665 2856 peccatorum
687 2791 748 2858 per
770 2770 941 2838 Christum
959 2784 993 2838 et
1016 2770 1180 2856 consequi
1231 2792 1311 2854 eos,
1344 2773 1400 2858 qui
1433 2773 1556 2838 docent
1585 2774 1620 2838 in
1653 2768 1820 2852 ecclesiis,
1865 2770 1963 2846 Quod
1977 2775 2023 2847 ⁹³)
2051 2791 2128 2836 cum
2148 2786 2219 2837 noo

187 2855 352 2942 Spiritum
373 2868 541 2939 sanctum,
562 2877 624 2944 per
645 2878 744 2945 quem
765 2857 947 2925 liberemur
968 2878 990 2925 a
1012 2867 1180 2944 potestate
1232 2869 1386 2925 tenerent
1406 2870 1484 2925 ante
1506 2858 1673 2925 biennium
1700 2870 1839 2925 autores
1867 2857 2064 2935 seditionis,
2095 2874 2217 2942 magns

188 2940 328 3009 diaboli.
357 2941 428 3009 lob.
451 2944 483 3008 d
517 2942 554 3009 Si
576 2964 641 3011 vos
664 2943 753 3011 filins
775 2941 945 3025 liberarit,
975 2964 1056 3012 vere
1083 2940 1180 3009 liberi
1229 2943 1388 3012 alimenta
1416 2944 1540 3011 luroris
1566 2957 1795 3024 sumserunt,
1828 2944 1923 3022 inde,
1980 2945 2036 3008 uia
2063 2942 2216 3009 decimas

188 3029 287 3097 estis.
330 3029 385 3095 De
418 3030 485 3097 hoc
519 3033 627 3117 gradu
661 3028 829 3098 libertatis
856 3028 1034 3117 diligenter
1056 3031 1179 3095 docen·
1229 3030 1392 3099 volebant
1415 3034 1546 3117 eripere
1567 2968 1745 3111 nobilitati,
1762 3030 1907 3118 quod⁹⁴)
1929 2963 2092 3095 vellebant
2112 3045 2215 3093 rena·

188 3114 270 3182 darn
291 3127 354 3183 est
397 3115 485 3182 Nam
513 3115 600 3186 haec
628 3116 725 3184 aliert
758 3118 975 3184 conscientiis
1001 3116 1178 3185 maximam
1229 3121 1348 3189 tiones.
1361 3117 1536 3204 publicari,
1557 3120 1714 3199 etiamn)
1735 3114 2216 3192 silvascommunesreddere,

187 3198 377 3273 utilitatem.
414 3199 671 3283 ⁸⁸)Consolatio
694 3205 781 3271 enirn
804 3207 971 3292 'concepta
993 3204 1107 3283 corde,
1128 3198 1178 3268 lu·
1230 3207 1416 3292 quoderat
1441 3205 1602 3291 praedam
1622 3205 1754 3291 potius,
1786 3225 1887 3290 qnam
1911 3199 2098 3269 libertatem
2120 3197 2216 3267 chri·

187 3298 325 3357 mutes
347 3309 425 3355 cunr
446 3291 610 3374 peccatis,
628 3292 733 3371 iuvat,
754 3312 854 3378 quum
880 3295 992 3358 sciant
1013 3290 1078 3356 sibi
1099 3309 1178 3377 pro·
1231 3293 1374 3359 stianam
1397 3293 1531 3358 dooere.
1846 3338 1849 3343 «

187 3375 331 3442 nrissnrn
352 3394 433 3441 esse
454 3374 612 3443 auxilium
634 3378 800 3445 adversus
817 3376 1040 3445 infirmitatem
1053 3376 1178 3454 carnin
1316 3378 1493 3445 Postremo
1515 3389 1626 3444 autern
1656 3376 1791 3444 infimus
1812 3376 1938 3463 gradus
1959 3372 2126 3442 libertatis
2147 3383 2214 3451 est,

186 3460 356 3527 adversus
378 3458 555 3542 diabolon,
582 3483 626 3529 ne
647 3465 844 3543 vincantur,
878 3485 921 3531 ne
943 3466 1113 3551 rapiantur
1133 3462 1178 3527 ad
1230 3466 1320 3550 qaod
1338 3465 1433 3531 Deus
1455 3485 1525 3530 non
1548 3464 1651 3551 exigit
1670 3466 1715 3532 ad
1731 3464 1998 3530 iustificationem
2018 3460 2216 3528 traditiones

186 3548 483 3634 peccandum.⁸⁸)-
1229 3548 1402 3618 humanas.
1446 3549 1501 3617 De
1527 3548 1595 3617 boc
1616 3571 1684 3617 uno
1707 3549 1833 3636 gradu,
1854 3569 1952 3633 quem
1974 3543 2076 3613 facile
2097 3557 2150 3611 est
2171 3565 2215 3610 ex

277 3635 456 3702 Secundus
488 3637 614 3722 gratim
642 3649 713 3720 est,
751 3635 915 3704 liberatos
948 3655 1027 3704 essa
1059 3654 1123 3701 nos
1157 3655 1179 3700 a
1230 3638 1411 3721 praedictis
1434 3654 1657 3723 cognoscere,
1677 3646 1804 3701 tantum
1827 3635 1953 3701 docent
1974 3631 2150 3719 plerique,
2171 3630 2215 3697 de

188 3712 269 3807 lege
294 3719 406 3802 blosi,
438 3721 527 3790 sicat
554 3719 682 3792 Paulas
709 3725 757 3792 ait
783 3726 827 3792 ad
855 3722 989 3812 Ephes-
1004 3723 1037 3787 2.
1061 3733 1095 3791 et
1113 3718 1179 3788 Go-
1229 3724 1459 3808 superioribus
1476 3725 1583 3789 'rebus
1606 3744 1659 3788 ma
1686 3723 1715 3787 is
1736 3722 1938 3787 necessariis
1960 3718 2044 3785 nihil
2061 3728 2119 3789 ant
2133 3737 2213 3784 raro

187 3801 277 3873 loss.
297 3809 331 3875 2.
350 3810 353 3815 ’
1229 3806 1429 3896 loquuntur,
1457 3809 1546 3895 qnod
1570 3819 1625 3876 est
1646 3744 1748 3896 plane
1774 3806 1896 3890 glutire
1916 3801 2079 3874 carnelum
2100 3815 2135 3871 et
2156 3805 2213 3871 de·

279 3891 366 3960 Sunt
387 3904 498 3962 autem
519 3891 606 3983 legis
628 3908 698 3964 tres
720 3908 852 3984 partes:
875 3891 1091 3983 Decalcgns,
1113 3892 1177 3961 Ge·
1229 3900 1426 3979 vorare⁰⁶⁸)
1448 3893 1598 3964 cuboem.

188 3980 363 4049 senoniae
391 3993 425 4048 et
451 3980 630 4049 iudicialis.
675 3983 798 4050 Samus
830 3984 944 4070 itaque
971 3977 1103 4048 liberati
1136 4001 1178 4047 ea

187 4078 290 4156 perte
309 4064 418 4155 legis,
485 4089 527 4135 aa
547 4089 616 4166 non
637 4071 690 4136 esi
716 4070 741 4135 ‘t
761 4070 918 4136 iustitiam
943 4069 1074 4147 cordis,
1104 4066 1179 4133 liae
1471 4099 1535 4169 DE
1555 4099 1720 4169 LIBERO
1743 4098 1966 4167 mmo·

188 4164 270 4221 sont
290 4175 503 4222 ceremonsa
525 4156 700 4224 et'iudicin
715 4158 757 4222 ia.
787 4152 859 4221 inl
935 4154 1033 4223 -liosl
1054 4156 1178 4240 primo·

191 4242 325 4331 genitas
345 4239 601 4311 babebatduss
621 4255 736 4330 pertas
757 4226 991 4323 beeredrtatis',
1013 4239 1178 4308 Dividuu-
1318 4238 1406 4308 Volo
1429 4241 1528 4309 etiam
1549 4239 1701 4309 nonnihil
1723 4241 1766 4308 de
1795 4238 1903 4306 libero
1924 4237 2061 4304 arbitrio
2082 4235 2211 4303 adscri-

190 4330 546 4506 gfflqsuqqsqffitsa,
563 4324 1178 4506 lqsq‘nqannsqugeqepslqmlll‘qevtstegnffliffi
1230 4328 1323 4410 bere,
1344 4329 1514 4417 quomodo
1531 4328 1649 4397 doceri
1663 4328 1799 4407 debeat,
1820 4326 1863 4393 de
1873 4345 1940 4412 qno
1950 4320 2100 4412 plerique
2109 4320 2211 4391 valde

190 4502 350 4590 ‘mim‘
1229 4554 1278 4622 aa)
1295 4554 1440 4622 sarona]
1459 4554 1511 4607 aa
1530 4555 1556 4607 s.
1573 4554 1711 4606 anema

1008 4690 1012 4695 ·
1228 4659 1277 4725 21)
1293 4657 1356 4711 Non
1374 4661 1443 4710 enirn
1466 4663 1508 4709 est
1528 4684 1563 4696 -
1581 4656 1627 4707 sed
1650 4653 1730 4722 sieotl
1755 4654 1807 4706 lta.
1825 4655 1851 4708 2.
1872 4667 1927 4705 non
1949 4659 2059 4706 extem
2081 4652 2211 4718 qusedsts

192 4724 243 4794 08)
259 4728 298 4779 At
312 4728 358 4780 isti
374 4755 409 4767 -
427 4727 572 4797 liceum}
591 4727 625 4784 oi
641 4728 693 4782 so.
712 4729 737 4780 2.
755 4726 854 4782 οδω.
1298 4729 1341 4781 rel
1359 4727 1535 4781 &remonis
1550 4727 1594 4780 rel
1610 4721 1742 4778 nudastis.
1778 4723 1834 4778 eea
1851 4724 1921 4776 dent

192 4829 242 4899 27)
258 4832 324 4883 sitos
341 4832 406 4896 sias,
423 4832 499 4885 nobis
517 4860 552 4872 -
568 4833 632 4884 setis
648 4834 719 4884 eninr
735 4830 835 4900 κίῃς]
848 4829 899 4884 Rd.
910 4832 934 4886 2.
950 4834 1016 4885 sitas
1032 4825 1176 4898 Bomos,
1227 4832 1276 4898 22)
1292 4830 1432 4897 libertatis]
1451 4830 1502 4884 lta
1521 4832 1546 4885 2
1565 4831 1696 4885 liboetsu's
1713 4829 1747 4883 ds
1762 4829 1880 4898 politicis
1896 4825 2108 4880 ordinationibus
2131 4830 2159 4875 et
2174 4826 2213 4875 ls-

260 4900 410 4954 liediolsul
427 4901 641 4955 Mediolanenses
658 4902 732 4967 ntes,
749 4904 811 4967 quis
828 4903 917 4966 must,
1296 4901 1435 4952 diuidibns

192 5003 242 5072 22)
259 5004 415 5058 consolatio
434 5006 503 5058 eninr
519 5032 554 5045 -
570 5006 606 5060 sd
617 5004 797 5074 peresam]
815 5004 866 5058 sa
882 5006 909 5057 2.
926 5002 997 5059 iiam
1014 5006 1059 5071 qni
1076 5005 1175 5056 lnetsn·
1225 5005 1275 5074 23)
1293 5003 1385 5073 Quod]
1403 5004 1454 5056 Ed.
1473 5006 1499 5057 2.
1516 5017 1593 5071 qossr

261 5082 305 5126 tor
321 5090 380 5127 earn
396 5077 521 5142 peream,
539 5091 618 5144 qnnrn
635 5077 722 5128 seiont
737 5076 786 5128 sibi
804 5075 957 5141 promissum
974 5089 1031 5127 esse
1045 5074 1175 5140 ,mutan
1227 5111 1277 5177 Μ)
1331 5107 1379 5177 04]
1398 5106 1431 5162 ὠ
1447 5107 1489 5159 Eg
1517 5108 1534 5158 q
1562 5105 1633 5161 ag„

262 5142 390 5197 adrem
406 5144 583 5198 infirmitatem
600 5147 697 5209 earnis,
714 5145 837 5196 adsersus
854 5144 995 5208 diabolos,
1018 5159 1053 5197 ns
1068 5145 1175 5199 urar·
1295 5126 1330 5177 ⁴¹⁸
1490 5146 1498 5161 '
1536 5143 1543 5159 '
1633 5146 1641 5161 ⁹

262 5215 761 5283 aasenptsntnredpeerenenn,
785 5229 910 5281 nmen
934 5213 1033 5268 labent
1054 5214 1175 5268 eonsols·
1227 5209 1639 5281 ⁹b)eoisrnlisBd.2.desst.

261 5283 370 5335 ω’*
960 5356 972 5377 ,
1228 5316 1297 5386 80⁸)
1315 5313 1692 5383 derormslsiesroiellditt,
1705 5328 1756 5381 pro
1774 5310 1913 5375 sasaim
1936 5309 2130 5380 qaum
2150 5304 2213 5360 lost

186 5382 917 5454 matus-wlnansesuoeastvtentu
1297 5381 1755 5446 wisodmfflssru.
