4786 6210
767 391 808 462 ιι
850 393 892 462 a.
936 392 1183 463 counnssro
1199 358 1479 508 annuemus
1497 393 1611 469 resa
2147 379 2215 467 aas

339 585 389 647 Ab
407 583 466 646 bae
478 584 556 647 satis
567 583 658 666 longa
672 581 805 646 Codicis
814 582 997 668 Mogontiaci
1014 585 1221 669 descriptione
1239 605 1276 649 ae
1286 583 1415 648 historia
1427 586 1635 668 progredimur
1645 588 1685 650 ad
1697 594 1817 651 ceteros
1829 583 1967 652 Codices
1980 589 2211 651 describendos.

957 844 986 904 2.
1032 840 1146 906 codes
1169 841 1385 908 Wiener-tensis
1405 850 1441 910 2.

2242 910 2257 947 0

227 1086 235 1090 ,
340 1023 399 1086 Hic
421 1019 530 1086 Codex
547 1023 699 1084 invenitur
716 1024 746 1085 in
766 1022 916 1086 tabulario
939 1025 1090 1086 communi
1109 1021 1319 1097 Wimariensi,
1343 1028 1374 1088 in
1385 1025 1551 1089 Volumina
1570 1027 1705 1106 signato:
1723 1025 1802 1108 Rep.
1825 1029 1864 1090 Ε.
1884 1029 1955 1092 Fol.
1973 1035 2025 1097 41.
2049 1036 2080 1091 et
2101 1030 2149 1090 sic
2167 1030 2212 1090 in·
2307 1076 2316 1085 .

187 1111 319 1193 scripto:
339 1114 537 1192 fflotpoicbaut
559 1113 606 1174 bet
629 1112 780 1189 bonoloco
801 1113 852 1174 mie
873 1113 922 1188 prb
945 1115 989 1174 bie
1011 1115 1041 1186 ot
1057 1115 1115 1176 bem
1139 1113 1280 1193 dictbhng
1304 1134 1336 1196 gu
1359 1115 1506 1193 ‘linguatu
1526 1117 1555 1177 to
1573 1119 1618 1178 bet
1641 1115 1781 1192 usurpas
1806 1121 1892 1195 tome,
1911 1127 2081 1198 gugetrugeo.
2125 1117 2209 1181 bauo

184 1201 305 1275 boniol
325 1203 353 1262 1.
363 1201 392 1261 5.
416 1202 446 1259 3.
465 1201 509 1270 0.,
529 1198 638 1277 inquo
662 1202 763 1258 exstat
781 1197 858 1257 iuter
874 1196 1078 1278 appendices,
1096 1218 1176 1279 quae
1193 1196 1357 1261 Pontani
1376 1197 1557 1262 cancellarii
1576 1197 1698 1264 Codici:
1723 1203 1871 1280 dicibirbte
1895 1209 1942 1267 nea
1972 1204 2152 1280 uetuerunt
2177 1223 2209 1285 gu

185 1289 354 1366 dlugtbutg,
377 1284 538 1346 adiunctae
555 1289 637 1356 sunt,
656 1289 689 1345 et
705 1284 876 1346 accuratius
894 1292 1093 1347 recensentur
1110 1304 1129 1344 a
1145 1284 1446 1349 Foerstemanno
1476 1288 1505 1349 in
1527 1285 1550 1347 1.
1569 1289 1667 1362 ’ltrrbtn
1687 1293 1733 1366 fut
1755 1292 1797 1352 bie
1816 1292 1964 1367 0110511511
1992 1292 2038 1353 bet
2057 1293 2209 1362 tinnitibus

185 1373 430 1449 &otorantinam
453 1372 539 1450 tbteat
558 1373 719 1450 geiomnten
738 1374 882 1450 Uariunge.
901 1367 987 1432 Tom.
1007 1367 1030 1431 Ι.
1048 1369 1141 1433 Fasc.
1163 1378 1191 1434 1.
1211 1392 1243 1454 p.
1273 1369 1557 1436 xxrr-xxxu.
1602 1370 1682 1435 inter
1705 1372 1762 1436 bae
1787 1376 1867 1437 enim
1889 1377 2026 1446 decima,
2050 1395 2130 1456 quae
2153 1374 2206 1436 soi.

188 1462 251 1521 384
262 1495 304 1506 -
316 1461 397 1520 426·
417 1457 509 1518 buius
527 1455 706 1519 voluminis
728 1462 831 1518 exstat
852 1461 893 1518 44
911 1456 985 1519 solia
1003 1456 1222 1540 complectens,
1241 1460 1387 1542 inscripta
1404 1468 1469 1523 este
1700 1460 1701 1463 ’

394 1598 572 1661 ueteranus
595 1600 671 1660 anab
693 1595 807 1660 uuiaet
823 1596 871 1658 boe
890 1596 1046 1661 elocutos.

185 1753 280 1816 snpra
297 1753 388 1814 quam
407 1733 634 1813 inscriptionem
655 1733 694 1796 ab
712 1731 772 1794 alia
789 1751 880 1794 manu
897 1733 1038 1795 eiusdem
1061 1735 1206 1815 temporis
1234 1734 1349 1816 scripta
1371 1741 1421 1796 est
1438 1733 1569 1798 haecce:

394 1871 620 1951 deofridus-nte
638 1873 681 1935 bie
697 1875 755 1947 toa.
774 1873 849 1936 uteo
868 1892 901 1956 ga
923 1873 1071 1953 uentano
1088 1876 1237 1953 sternetur
1255 1874 1288 1951 10
1305 1875 1425 1949 merbec,

186 2009 300 2090 quibus
317 2028 337 2070 a
354 2009 442 2072 tertia
463 2028 555 2071 mann
573 2007 715 2071 eiusdem
732 2008 850 2071 saeculi
868 2007 956 2074 xvi.
974 2011 1077 2072 serius
1098 2011 1202 2074 addita
1219 2019 1292 2074 sunt
1309 2010 1387 2072 baec
1409 2012 1516 2072 verba:

393 2149 473 2224 butrb
492 2114 543 2212 bon
563 2147 662 2228 (ibunt.
682 2169 714 2232 gu
733 2148 863 2227 &nupto
883 2153 936 2214 nab
956 2156 1039 2214 cobet
1057 2151 1181 2229 {turpem
1205 2152 1321 2216 bonurn
1341 2151 1394 2213 aab
1414 2149 1508 2213 &tetta
1530 2150 1688 2227 oberosten.

341 2282 401 2346 ilic
413 2281 531 2358 Codex,
543 2286 595 2366 qui
607 2291 657 2347 est
667 2285 872 2367 apographum
885 2306 924 2348 ex
934 2286 993 2349 alio
1006 2286 1180 2371 apographo
1191 2289 1429 2372 uanmmiptum,
1439 2293 1646 2347 recensetura
1662 2285 1828 2347 Webero
1850 2284 1872 2346 l.
1884 2284 1904 2346 l.
1917 2282 1938 2350 Ι.
1950 2305 1980 2366 p.
2004 2291 2063 2349 174
2076 2322 2117 2333 -
2133 2288 2204 2348 176.

187 2376 221 2433 et
236 2390 255 2432 a
272 2370 577 2435 Foerstemanno
596 2380 716 2453 praeter
732 2371 841 2434 librum
858 2375 950 2436 modo
968 2373 1123 2437 laudatum
1141 2395 1171 2457 p.
1188 2369 1340 2451 xxvii,
1363 2374 1502 2436 etiamid
1524 2370 1548 2435 Ι.
1568 2375 1779 2442 attractatus
1804 2379 1863 2434 etc.
1887 2368 1912 2430 l.
1936 2391 1966 2452 p.
1997 2375 2086 2444 374„
2110 2381 2141 2432 et
2164 2374 2203 2434 ab

187 2465 317 2538 utroque
335 2478 402 2519 cum
420 2457 491 2519 aliis
509 2453 678 2521 codicibus
698 2458 830 2520 collatus
853 2468 912 2525 est.
959 2459 1037 2523 Cum
1056 2458 1174 2523 Codice
1195 2460 1375 2541 hioguntino
1399 2478 1493 2539 supra
1509 2461 1662 2518 recensito
1680 2459 1811 2518 maxima
1829 2476 1868 2517 ex
1890 2464 1974 2538 perte
1994 2459 2140 2538 congruit,
2167 2479 2206 2520 eo
2311 2532 2317 2539 ι

189 2563 322 2624 quoque,
342 2544 424 2624 quod
443 2547 563 2607 nomina
584 2543 759 2627 Principum
777 2542 1003 2628 Civitatumque
1022 2550 1197 2630 subscripta
1213 2550 1243 2609 in
1262 2554 1391 2625 utroque
1409 2544 1538 2617 desunt;
1556 2543 1657 2606 differt
1674 2551 1775 2607 autem
1794 2545 1832 2604 ab
1851 2542 1904 2605 ilio
1917 2544 2067 2604 erroribus
2087 2543 2206 2615 calarui,

186 2627 266 2691 locis
290 2632 429 2703 omissis,
461 2639 492 2694 et
508 2632 599 2693 variis
617 2632 847 2705 additamentis,
871 2653 950 2713 quae
975 2636 1073 2696 ctiam
1088 2637 1117 2696 in
1135 2635 1205 2697 aliis
1236 2631 1421 2701 (lodicibus,
1445 2629 1641 2692 Editionibus
1665 2629 1886 2710 antiquioribus
1913 2637 1945 2692 et
1968 2631 2063 2711 prima
2091 2630 2207 2691 Melan·

186 2715 328 2780 thoninna
345 2719 544 2798 reperiuntur.
565 2754 606 2765 -
629 2717 757 2780 Articuli
777 2718 847 2781 fidei
867 2722 999 2782 numeris
1022 2722 1153 2783 arabicis
1171 2740 1191 2782 a
1206 2721 1315 2781 seriori
1333 2738 1424 2779 manu
1446 2717 1666 2801 superscriptis
1689 2717 1799 2798 signati
1818 2722 1901 2780 sunt.

342 2802 375 2866 in
393 2824 462 2866 mea
479 2802 622 2866 Editione
641 2803 721 2866 hunc
739 2800 886 2867 codicem
909 2808 1052 2887 signabo:
1076 2806 1166 2869 wem.
1184 2811 1219 2874 2.
1308 2810 1312 2815 ’

990 3067 1019 3127 3.
1065 3064 1178 3127 Codes
1196 3062 1397 3127 Dresdenaia.

340 3239 373 3302 ln
395 3241 485 3303 Actis
503 3243 578 3322 regii
596 3243 727 3323 primarii
744 3243 883 3307 tabularii
904 3242 1112 3315 Dresdensis,
1131 3266 1211 3327 quae
1227 3245 1375 3326 inscripta
1391 3249 1480 3307 sunt:

400 3381 506 3459 tiugtb.
525 3381 692 3460 bonbetung
710 3380 717 3465 1
737 3383 824 3450 unna
846 3399 864 3461 p
883 3388 935 3450 30.
956 3384 961 3468 Ι
980 3382 1096 3449 XLIV.
1117 3385 1122 3468 Ι
1140 3381 1190 3446 No
1216 3391 1241 3446 l.
1264 3382 1304 3446 B.

185 3518 321 3599 proxime
338 3524 411 3597 post
439 3515 636 3596 Spalatini
669 3520 875 3601 apographum
903 3521 1016 3585 latinae
1046 3518 1263 3584 consessionis
1292 3540 1385 3603 supra
1413 3541 1443 3602 p.
1470 3520 1528 3580 261
1561 3537 1633 3597 sqq.
1659 3516 1845 3598 descriptum
1874 3515 2035 3579 exhibetur
2063 3517 2093 3577 in
2122 3516 2206 3581 foliis

187 3606 283 3666 90-
300 3607 370 3664 143.
389 3604 594 3683 apographum
612 3609 802 3684 germanicae
820 3604 1049 3679 confessionis,
1073 3610 1156 3689 quod
1178 3616 1278 3670 autem
1297 3628 1356 3669 non
1375 3626 1394 3667 a
1412 3603 1608 3686 spalatini
1626 3622 1731 3675 manu,
1755 3603 1815 3664 sed
1835 3604 1874 3664 ab
1892 3602 2041 3664 aliacirea
2059 3609 2204 3675 a.1550.‚

189 3696 225 3751 ut
243 3690 371 3763 videtur,
390 3690 420 3750 in
440 3691 544 3752 ctrarta
561 3691 700 3766 robuste,
719 3694 748 3753 in
767 3714 827 3774 qua
853 3697 973 3776 signum
996 3698 1194 3783 aquariumsst
1224 3695 1416 3774 conspicitur,
1430 3694 1463 3771 a)
1487 3696 1639 3751 exaratum
1664 3697 1722 3750 est.
1767 3689 1835 3751 Hoc
1859 3691 2064 3771 apographum
2092 3690 2205 3752 tonnae

191 3776 340 3837 maximae
359 3777 479 3837 omnine
498 3778 536 3838 ab
555 3798 615 3839 una
631 3781 801 3859 eademque
819 3801 909 3843 manu
926 3783 1071 3862 scriptum
1090 3791 1155 3855 est3
1173 3783 1265 3843 etiam
1283 3780 1513 3841 emendationes
1531 3783 1563 3837 et
1584 3775 1798 3846 additamenta,
1823 3795 1901 3856 quae
1924 3779 1953 3837 in
1978 3797 2015 3837 eo
2035 3785 2203 3848 occurrunt,

190 3861 354 3926 abendam
373 3884 463 3923 manu
481 3871 603 3926 exarata
621 3871 702 3927 sunt.
747 3866 895 3946 Singulae
913 3869 1041 3948 paginae
1067 3869 1220 3929 continent
1237 3866 1302 3927 sere
1321 3869 1361 3927 20
1379 3866 1478 3927 lineas
1497 3883 1527 3924 s.
1549 3881 1676 3934 versuas3
1699 3880 1803 3942 margo
1822 3861 1927 3936 albus,
1948 3884 2008 3942 quo
2029 3864 2087 3924 hae
2104 3864 2204 3924 lineae

187 3950 348 4010 continuae
374 3950 582 4019 terminantur,
602 3952 631 4012 in
654 3952 813 4031 superiore
831 3962 916 4033 parte
934 3952 1192 4035 sesquidigitalis‚
1212 3973 1231 4014 a
1252 3952 1347 4015 intere
1372 3955 1476 4014 2-3
1496 3950 1626 4030 digitos,
1654 3955 1686 4010 et
1711 3950 1741 4010 iu
1766 3948 1908 4010 inferiore
1925 3956 2016 4031 ‚parte
2041 3953 2058 4010 2
2089 3951 2202 4029 digitos

189 4033 272 4096 latus
296 4043 356 4098 est.
386 4034 454 4097 Fal.
474 4041 529 4098 90·
550 4037 662 4117 legitur
683 4037 771 4099 hicce
793 4039 915 4101 titulus:

1118 4226 1218 4313 Copej
1241 4236 1272 4297 3

1019 4416 1024 4443 ²
1147 4397 1241 4459 1530.

881 4562 1058 4624 battuatores
1082 4566 1155 4622 anub
1174 4557 1287 4622 aternu
1305 4559 1353 4620 bct
1376 4559 1509 4634 nieutona

1024 4719 1136 4782 Mense
1153 4718 1255 4782 lunio:
1276 4724 1366 4782 1530.

1128 4886 1261 4970 bought.

181 5050 295 5136 Harum
319 5074 501 5139 altuenum
520 5079 609 5140 tertia
630 5086 661 5141 et
680 5086 786 5159 quarta
807 5080 845 5141 ab
864 5077 971 5140 eadem
994 5096 1098 5149 manu,
1118 5090 1197 5157 quae
1215 5073 1420 5156 apographum
1438 5075 1581 5143 exaravit,
1604 5075 1742 5138 secunda
1765 5080 1798 5137 et
1827 5075 1933 5156 quinta
1951 5036 1998 5137 mab
2027 5074 2089 5139 alia
2112 5093 2201 5135 manu

289 5370 318 5438 ·)
338 5371 431 5426 Charta
447 5374 570 5438 robusta,
586 5373 613 5426 tn
631 5383 681 5437 oua
698 5370 892 5435 spoletinus
909 5369 1016 5424 latinam
1034 5369 1231 5424 bomessbnem
1248 5368 1434 5436 mouebant,
1451 5362 1528 5435 signo
1547 5368 1654 5434 squano
1671 5354 1770 5424 eant.

387 5490 536 5536 uxum
550 5469 714 5553 orm'run,
725 5488 808 5531 xxrr.
997 5527 1029 5554 ι,
1959 5468 1995 5520 ³0
