4786 6210
180 360 244 429 all
764 355 804 424 ll.
847 356 889 426 B.
934 355 1183 425 confessio
1205 356 1485 430 AUGUSTANA
1506 358 1620 432 lPSA.
2137 360 2206 432 lili

336 550 388 612 Ad
405 547 478 610 illus
497 546 695 628 epistolarum
711 546 811 621 locos,
831 550 1001 630 exquibus
1020 548 1132 622 elucet,
1151 569 1260 613 auvam
1276 549 1329 613 lat.
1343 547 1561 615 Gouiessionis
1579 552 1753 629 Editiouern
1767 552 1809 621 ¹ab
1827 557 1951 615 auctore
1963 573 1993 616 o.
2018 546 2113 616 1535.
2132 570 2201 614 erre

182 640 368 717 consectum,
391 635 511 697 accedit
529 635 660 716 denique
678 632 784 706 locus,
804 637 855 716 qui
875 637 1079 706 demonstrat,
1098 657 1164 697 eura
1185 636 1247 697 boc
1266 658 1388 720 333333
1410 659 1492 702 3333
1507 642 1680 721 prodiisse.
1724 640 1757 702 lu
1777 638 2006 721 331313133313
2025 639 2064 700 ad
2083 636 2202 703 133133
2285 637 2289 648 ’

180 727 317 789 Meuium
336 724 401 785 sere
419 723 478 784 boc
496 728 746 802 temporeneas
768 721 1164 802 quidemBretscbneidero
1184 722 1275 806 Corp.
1295 722 1331 785 ll.
1351 746 1382 807 p.
1402 731 1463 789 87‘2
1482 734 1549 807 sq.)
1567 728 1639 790 data
1655 727 1834 789 lllelanllrou
1857 725 1935 786 baec
1952 727 2088 807 scripsit:
2109 725 2203 788 »11133

181 812 335 892 33313313
352 817 460 871 renala
481 816 541 879 est,
560 817 592 870 et
609 809 716 870 melior
732 808 811 872 lacta
832 811 862 870 iu
880 809 950 871 loco
973 807 1211 888 iustificationis,
1230 830 1320 890 quam
1338 810 1418 895 lege,
1437 819 1468 874 et
1489 815 1591 875 scribe
1609 822 1693 877 tuum
1711 815 1784 876 mibi
1803 813 1947 875 iudicium
1966 834 2035 873 cum
2052 811 2199 893 legeris«

180 897 230 962 Ex
248 898 298 960 bis
317 898 420 958 verbis
439 903 533 977 patet,
553 895 634 956 bunc
651 895 759 957 librum
779 896 831 957 illo
850 904 1005 978 tempore,
1024 917 1085 977 quo
1104 896 1181 958 baec
1199 899 1334 978 scripsit,
1353 900 1411 959 inm
1430 919 1577 961 excusum
1596 902 1675 964 etin
1695 903 1783 962 amici
1801 900 1941 960 manibus
1961 898 2070 961 scisse.
2117 897 2201 962 ldem

182 984 321 1046 affirmari
339 983 458 1045 ridetur
474 982 534 1044 hoc
551 982 620 1043 loco
640 982 791 1064 epistolae
810 974 1441 1066 3113153333,.33,Β3333338133
1461 993 1492 1048 et
1513 984 1711 1068 Crucigerum
1730 988 1759 1049 1.
1782 993 1810 1049 1.
1829 984 1909 1047 Nur.
1931 990 2024 1049 1536.
2042 1007 2061 1047 3
2083 983 2201 1048 1113133-

181 1071 276 1134 thone
293 1072 415 1151 scripta,
424 1069 458 1150 1)
476 1070 579 1149 inqua
596 1069 635 1129 de
654 1070 837 1151 quibusdam
849 1071 917 1130 suis
929 1072 1043 1141 verbis,
1057 1072 1085 1131 in
1105 1071 1217 1150 quibus
1241 1071 1397 1132 dicebatur
1413 1071 1493 1133 13133
1510 1073 1675 1135 tradidisse
1694 1075 1733 1135 13
1752 1073 1888 1135 doctrina
1905 1092 2047 1152 operum,
2071 1092 2109 1133 so
2130 1092 2201 1155 pur·

182 1165 250 1238 gat:
271 1157 356 1219 „sed
373 1177 442 1217 cum
461 1157 546 1217 initio
565 1155 699 1216 riderem
718 1175 736 1215 a
755 1155 873 1226 multis,
893 1159 1072 1236 praesertim
1091 1155 1174 1226 alibi,
1193 1157 1240 1217 sic
1262 1159 1358 1238 accipi
1378 1156 1457 1219 banc
1474 1163 1728 1241 propositionem:
1748 1158 1825 1220 Sola
1844 1159 1903 1219 1113
1926 1159 2000 1220 insti
2018 1178 2147 1238 sumus,
2170 1160 2201 1220 in

182 1243 261 1306 lrauc
278 1245 477 1314 seutentiam,
495 1241 640 1304 Noritate
658 1241 711 1303 illa
727 1262 786 1303 seu
808 1241 920 1303 infusis
939 1242 1027 1304 donis
1046 1244 1118 1303 iusti
1136 1262 1245 1304 sumus
1265 1241 1313 1324 (ld
1332 1252 1396 1306 erat
1413 1245 1531 1318 dicere,
1550 1267 1609 1308 uon
1633 1246 1702 1308 sola
1724 1246 1815 1324 fille),
1834 1266 1968 1306 necesse
1986 1244 2043 1307 suit
2060 1245 2145 1316 mibi,
2169 1246 2201 1306 in

182 1329 345 1410 Apolopia
368 1328 560 1391 transferrem
590 1349 652 1389 rem
677 1329 715 1389 31
739 1329 967 1409 imputationem
991 1329 1159 1409 gratuitam
1178 1335 1210 1391 et
1232 1329 1381 1409 quaedam
1406 1332 1583 1394 distinctius
1608 1334 1720 1394 (licere.
1771 1331 1844 1394 lude
1867 1333 2017 1401 oriuntur,
2041 1338 2076 1393 nt
2100 1332 2200 1404 scitis,

183 1419 399 1498 quaestiones,
419 1418 446 1477 si
465 1423 579 1477 tanturn
598 1436 653 1496 per
671 1415 908 1476 misericordiam
925 1435 1034 1476 sumus
1057 1417 1191 1497 accepti,
1210 1416 1249 1476 31
1267 1416 1340 1496 quid
1360 1418 1449 1497 igitur
1465 1426 1518 1480 aut
1536 1439 1596 1498 quo
1622 1421 1785 1499 requiritur
1808 1438 1887 1480 nova
1911 1418 2095 1479 obedientia.
2140 1417 2200 1479 Ex·

182 1509 247 1566 tant
263 1505 387 1584 scripta.
431 1501 642 1583 Necdelugio
661 1509 796 1563 veslrum
815 1501 969 1585 iudicium,
988 1503 1167 1583 nequidem
1186 1503 1363 1564 Aursdorlii.
1408 1502 1476 1565 Nec
1494 1526 1625 1586 unquam
1645 1505 1727 1567 aliud
1752 1505 1906 1586 spectavi,
1933 1524 2024 1584 quam
2052 1511 2201 1584 utquam

181 1591 394 1672 propriissime
413 1609 465 1659 33,
485 1609 564 1670 quae
581 1607 638 1650 vos
656 1589 793 1660 docetis,
813 1587 1012 1667 explicarem,
1039 1590 1111 1669 quia
1134 1589 1288 1662 sciebam,
1310 1588 1422 1652 mullas
1451 1590 1566 1653 habere
1593 1591 1802 1654 incommodas
1834 1592 1874 1652 do
1900 1592 1994 1653 133113
2018 1589 2112 1651 rebus
2137 1590 2202 1671 opi-

182 1678 322 1739 nionem
368 1674 417 1737 Ex
434 1675 484 1737 bis
502 1677 582 1736 eninr
601 1677 673 1737 item
693 1673 838 1755 colligere
856 1675 945 1747 licet,
963 1681 1118 1737 auctorem
1136 1674 1262 1736 deloco
1282 1675 1497 1756 Confessionir
1512 1679 1656 1740 curiatae
1677 1681 1740 1739 ioru
1761 1681 1931 1764 impressae
1947 1697 1986 1738 se
2003 1676 2179 1738 defendere.

179 1861 183 1867 Ι
338 1786 382 1849 Ut
399 1788 439 1848 de
456 1794 610 1869 tempore,
630 1807 691 1868 quo
709 1786 787 1847 baec
803 1786 907 1848 Editio
926 1789 1010 1868 typis
1029 1787 1184 1867 descripta
1200 1789 1260 1861 sit,
1279 1788 1389 1850 certior
1412 1790 1531 1863 flerem,
1556 1810 1664 1851 omnes
1694 1788 1844 1871 epistolas
1862 1788 1933 1850 inde
1958 1788 1997 1849 ab
2022 1789 2107 1850 initio
2126 1787 2201 1850 Maii

185 1877 276 1937 1535.
293 1893 394 1954 usque
413 1875 452 1934 ad
471 1873 558 1935 linem
578 1875 648 1934 anni
670 1878 763 1936 1540.
782 1874 811 1934 13
830 1872 922 1935 buius
941 1871 1086 1955 Corporis
1104 1872 1178 1934 Vol.
1199 1873 1234 1936 ll.
1253 1880 1285 1937 et
1305 1872 1356 1937 lll.
1376 1877 1547 1938 accuratius
1570 1876 1767 1959 perlustravi,
1786 1883 1817 1938 at
1833 1875 1951 1936 nullum
1970 1877 2070 1936 iuveni
2087 1873 2201 1952 locum,

182 1962 212 2022 in
231 1981 292 2042 quo
311 1968 414 2022 auctor
431 1961 470 2022 de
488 1960 545 2021 bac
562 1960 620 2022 111.
638 1959 689 2021 vel
707 1959 890 2039 elaboranda
912 1960 962 2021 vel
987 1960 1171 2042 divulganda
1195 1961 1370 2027 dissereret.
1415 1963 1464 2026 lux
1490 1963 1603 2044 quibus
1626 1962 1755 2045 colligo,
1780 1970 1812 2024 et
1836 1961 2076 2024 elaborationem
2098 1968 2131 2023 et
2148 1963 2202 2023 im·

181 2049 375 2130 pressionem
394 2049 462 2108 3133
482 2066 563 2108 3333
589 2051 680 2110 1535.
700 2066 774 2108 3333
793 2047 913 2109 linitam.

338 2157 387 2221 Eo
404 2161 503 2240 magis
521 2159 688 2220 mirandum
707 2164 774 2231 est,
794 2159 876 2240 quod
895 2178 914 2219 a
936 2159 1057 2219 nemine
1082 2158 1245 2240 hucusque
1270 2158 1367 2221 ullum
1393 2159 1565 2241 exemplum
1590 2160 1743 2223 Editionis
1765 2160 2059 2240 Wittembergcosis
2087 2157 2201 2220 latinae

185 2240 403 2307 confessionis
422 2247 492 2306 anni
515 2250 607 2311 1535.
626 2253 677 2308 331
696 2248 858 2308 inventum.
903 2243 1035 2307 Exstant
1058 2245 1180 2325 quidem
1199 2244 1360 2308 Editioues
1380 2248 1449 2308 3133
1468 2245 1546 2308 1333
1568 2247 1660 2309 buius
1678 2247 1758 2319 anni,
1777 2266 1902 2327 quarum
1921 2245 2016 2320 altera
2038 2243 2201 2327 Auyrrrtoe

190 2329 423 2393 Vioddicorrrm
442 2336 480 2393 4⁰
490 2333 562 2412 **),
581 2331 676 2393 altera
697 2331 876 2414 [13333333
889 2335 926 2394 8⁰
938 2334 1011 2413 m)
1031 2334 1255 2413 impressaest,
1267 2327 1445 2415 at'utraque
1457 2353 1516 2394 nun
1535 2333 1575 2394 ad
1596 2331 1654 2396 Ed.
1666 2332 1979 2410 Wittembergeusem
1995 2331 2096 2395 adbuc
2118 2333 2201 2393 desi·

183 2416 336 2498 1313133,
354 2418 414 2480 sed
436 2419 476 2480 31
496 2419 556 2483 Ed.
576 2419 888 2500 Witlembergensem
906 2417 975 2482 anui
1001 2423 1094 2482 1531.
1112 2426 1238 2480 octavae
1260 2419 1374 2481 iormae
1393 2427 1530 2502 spectat,
1554 2421 1668 2502 quippe
1690 2439 1730 2482 ex
1752 2439 1813 2501 qua
1835 2438 1945 2480 recusa
1962 2426 2022 2481 est.
2034 2423 2069 2500 †)

338 2528 559 2604 Peucerus,
578 2551 672 2612 gener
692 2530 915 2603 Melanlbonis,
934 2531 1014 2593 hanc
1036 2550 1146 2595 novam
1156 2529 1332 2593 Editiouem
1349 2550 1431 2591 3333
1459 2535 1550 2596 1538.
1564 2533 1714 2612 seriptum
1727 2551 1800 2592 esse
1819 2530 2049 2612 33313311111)
2071 2529 2150 2591 Nam
2167 2530 2197 2589 iu

185 2616 320 2698 epistola
340 2617 526 2679 dedicatoria
548 2618 588 2680 31
608 2617 848 2679 Maximilianum
866 2616 986 2698 Regem
1014 2614 1186 2682 Bolremiae
1207 2625 1283 2689 313,
1307 2637 1397 2698 quam
1420 2615 1505 2680 Parti
1534 2615 1556 2678 l.
1574 2618 1711 2700 Operum
1739 2616 1950 2680 Melaotbouis
1968 2617 2007 2680 ab
2036 2617 2105 2696 ipso
2133 2614 2199 2677 311·
2271 2642 2293 2656 2

183 2709 281 2766 torum
303 2704 458 2785 praefixit,
492 2704 569 2765 baec
596 2704 702 2767 resert:
738 2702 974 2766 „Confessionis
1007 2704 1208 2784 Augustanae
1236 2703 1381 2766 formulas
1415 2704 1493 2766 duas
1528 2705 1652 2768 inserui.
1703 2702 1834 2766 Primam
1868 2723 1948 2784 quae
1982 2701 2118 2765 exhibita
2151 2707 2202 2763 331

182 2785 296 2851 Carolo
324 2788 365 2852 V.
391 2787 564 2872 imperatori
588 2793 618 2851 io
648 2788 790 2853 Comitiis
824 2791 1016 2871 Augustianis
1051 2791 1121 2851 anni
1155 2795 1247 2853 1530.
1291 2789 1332 2852 Et
1364 2797 1549 2871 postremam
1581 2793 1733 2872 33313133
1760 2791 1852 2853 Anao
1886 2792 2044 2851 tricesimo
2078 2794 2201 2860 331333,

181 2878 320 2959 proxime
342 2882 412 2938 aute
434 2876 587 2961 colloquia
607 2877 837 2940 Wurmatiense
854 2885 887 2940 ct
903 2877 1148 2958 Ratisponeuse,
1172 2896 1252 2957 quae
1276 2875 1423 2938 fusiorem
1447 2877 1541 2939 babet
1569 2887 1602 2942 et
1634 2877 1791 2940 clariorem
1819 2876 2053 2958 explicationem
2086 2894 2202 2946 eorum,

91 3018 98 3026 .
153 2960 155 2965 ’
182 2981 264 3043 quae
286 2964 316 3023 in
338 2963 438 3042 priore
460 2964 584 3025 brevius
606 2985 663 3026 cen
686 2964 863 3026 indicantur.
907 2962 980 3025 Fuit
1001 2970 1103 3026 autem
1132 2964 1285 3045 posterior
1305 2965 1419 3045 scripta
1448 2983 1467 3025 a
1495 2962 1659 3044 Philippo,
1682 2962 1858 3034 mandante,
1884 2966 2142 3042 recognoscente,
2171 2965 2204 3021 ct

175 3048 374 3129 approbante
390 3047 547 3120 Latlrero,
569 3058 602 3113 et
623 3069 757 3112 necesse
778 3049 835 3113 1311
856 3070 923 3113 333
946 3051 1039 3113 scribi
1062 3058 1184 3132 propter
1202 3050 1412 3122 adversarios,
1436 3051 1518 3131 quod
1536 3050 1632 3113 mulla
1648 3049 1861 3112 cavillareutur
1883 3048 1944 3124 illi,
1967 3067 2046 3128 quae
2069 3047 2204 3127 oportuit

182 3134 346 3215 explicari,
374 3141 408 3199 31
442 3136 624 3199 occasiones
661 3144 693 3199 31
721 3143 900 3219 argumenta
926 3139 1031 3199 talium
1060 3134 1302 3208 cavillationum,
1330 3137 1359 3198 si
1387 3138 1487 3198 13333
1510 3136 1550 3199 31
1584 3137 1822 3219 disputationum
1850 3136 2008 3198 3331113133
2038 3133 2202 3194 deventum

184 3226 290 3307 esset,
314 3223 362 3282 ois
384 3221 597 3286 adimerentur.
641 3223 763 3286 Deinde
786 3224 869 3305 quod
887 3243 926 3286 a:
947 3226 1046 3305 priore
1072 3223 1169 3286 mulla
1190 3230 1413 3296 mutuarentur,
1444 3226 1556 3306 quibus
1584 3243 1643 3284 sna
1664 3225 1840 3305 pingerent,
1865 3223 1948 3284 sicut
1974 3240 2025 3281 res
2054 3218 2200 3288 ostendit,

183 3306 278 3368 multa
300 3328 357 3370 cos
380 3310 409 3369 io
433 3308 591 3391 plerisque
615 3313 835 3391 controversiis·
852 3309 1000 3383 leniisse,
1023 3330 1101 3372 usos
1125 3309 1263 3372 lurmulis
1285 3317 1474 3383 nuslrorum,
1496 3318 1530 3374 ut
1551 3313 1741 3392 imponerent
1762 3310 1920 3390 imperitis.
1965 3307 2038 3369 Fuit
2054 3324 2127 3385 ergo
2149 3304 2202 3365 de·

185 3391 348 3456 claralioue
370 3395 639 3479 aberraremus«
685 3397 772 3459 llaec
793 3398 964 3460 retractatio
987 3394 1206 3458 Coulessioois
1229 3399 1258 3457 in
1282 3396 1335 3458 illa
1351 3395 1444 3458 Parta
1465 3394 1489 3458 l.
1513 3396 1564 3458 131.
1588 3403 1658 3469 39.,
1680 3399 1733 3458 ubi
1751 3397 1882 3468 orditur,
1905 3414 1924 3456 3
1952 3391 2128 3454 Peucero
2153 3391 2201 3453 sic

185 3480 331 3561 iuscripta
352 3488 414 3546 est:
437 3481 551 3544 ..11133
563 3483 693 3546 Articuli
716 3485 875 3566 copiosius
898 3491 930 3546 et
941 3483 1122 3566 explicatius
1134 3483 1277 3545 declarati
1289 3484 1478 3545 Wormatiae
1489 3503 1568 3544 anno
1586 3476 1802 3546 ninam.
1822 3489 1945 3564 propter
1961 3477 2202 3542 adversariorum

185 3565 390 3630 calumniosas
410 3570 676 3652 interpretationes
700 3578 731 3633 31
752 3570 948 3653 Sophisticas
971 3570 1148 3648 elusiones,
1165 3591 1225 3633 nou
1247 3576 1362 3632 331313
1379 3590 1477 3631 rerum
1500 3570 1684 3631 sententia«
1699 3573 1773 3651 †††)

129 3739 144 3759 ,
340 3677 419 3743 Cum
440 3689 542 3744 autern
565 3704 665 3764 neque
683 3685 752 3745 anni
778 3688 889 3760 1535,
912 3704 1013 3764 neque
1035 3684 1103 3744 anui
1130 3686 1223 3745 1538.
1246 3680 1343 3743 31133
1361 3680 1533 3762 exemplum
1560 3680 1714 3744 Editionis
1744 3678 2038 3760 Wittembergcosis
2066 3677 2202 3738 variatae

184 3762 296 3827 latinae
319 3763 537 3830 consessionis
560 3767 721 3850 hucusque
740 3771 893 3831 inventum
913 3770 1216 3852 sit,progrediamur
1237 3769 1363 3830 adeius
1385 3768 1561 3830 Editiouem
1587 3767 1900 3848 Wittembergensem
1927 3766 1999 3827 anui
2032 3767 2126 3827 1540.
2149 3781 2199 3823 ac

183 3854 318 3915 curatius
337 3853 578 3918 describendam.
623 3856 713 3922 llaec
734 3857 783 3918 sic
805 3858 950 3938 iuscripta
972 3864 1036 3919 est:

182 3991 523 4008 m-

298 4056 325 4124 ·)
344 4063 414 4114 llaec
431 4063 541 4126 epistola
557 4063 584 4117 ln
601 4064 678 4118 unlus
696 4063 816 4128 corporis
833 4064 887 4119 131.
903 4063 943 4118 lli.
961 4075 986 4128 p.
1004 4065 1053 4118 171
1072 4074 1129 4128 sqq.
1148 4075 1246 4118 recusa
1264 4068 1315 4118 est.

283 4142 323 4211 ··)
342 4148 413 4200 Hauc
429 4148 473 4201 Ed.
491 4161 523 4203 ex
540 4151 697 4204 Bibliotheca
714 4154 796 4204 senat
815 4151 928 4206 llorlmb.
945 4151 972 4204 ln
989 4149 1109 4204 manibus
1126 4151 1220 4205 babeo.

261 4236 320 4305 ·”)
338 4242 408 4294 llaec
424 4242 467 4295 Ed.
485 4243 512 4296 lu
529 4245 594 4298 mels
612 4244 685 4299 libris
704 4249 752 4300 est.

279 4334 311 4402 †)
330 4335 403 4389 conl.
421 4338 616 4393 Fauerlluns
635 4339 653 4393 l.
672 4340 690 4392 l.
708 4341 728 4393 l.
747 4353 771 4405 p.
788 4341 830 4394 15.
849 4342 876 4394 31
892 4342 1046 4394 Weberus
1065 4339 1083 4393 l.
1102 4340 1119 4393 l
1136 4341 1164 4393 ll.
1183 4351 1210 4404 p.
1230 4342 1263 4394 lli
1282 4351 1329 4405 sip,
1348 4340 1392 4393 unl
1409 4339 1459 4395 liae
1478 4339 1554 4393 Edltt.
1572 4341 1751 4393 recensentur.

276 4429 325 4497 11)
341 4432 379 4484 11
401 4432 514 4485 eundern
538 4445 635 4488 annum
659 4434 773 4488 retertur
795 4448 811 4487 a
837 4435 935 4489 lllcol.
966 4436 1178 4498 Selneccero,
1207 4433 1251 4499 qul
1278 4434 1303 4486 ln
1327 4434 1420 4488 libelle
1442 4434 1617 4498 synodorum
1637 4432 1863 4496 praecipuorum
1885 4430 1921 4480 lu.
1941 4430 1985 4487 91.
2005 4424 2071 4486 lla'ec
2088 4431 2201 4496 scripsit:

340 4503 430 4565 „llnno
450 4504 523 4556 1538.
541 4503 673 4566 recognita
692 4508 733 4557 est
749 4506 900 4567 augustana
918 4505 1049 4558 conlesslo
1066 4505 1207 4568 posterior,
1225 4502 1361 4565 relegente
1380 4509 1406 4557 el
1424 4505 1583 4569 approbante
1601 4504 1721 4562 luthero,
1741 4506 1769 4552 ut
1786 4502 1834 4552 rirl
1853 4499 1937 4551 adbuc
1960 4501 2044 4554 testes
2063 4501 2203 4565 affirmant,

255 4584 320 4642 ¹.)
340 4574 369 4624 31
385 4582 492 4633 prorsus
509 4583 618 4625 necesse
637 4585 688 4625 nun
706 4573 740 4626 sil
758 4573 835 4626 lldrm
854 4575 952 4627 habere
970 4575 1015 4636 ils,
1033 4575 1077 4638 qul
1095 4575 1248 4626 cavillantur
1265 4573 1414 4636 discrepare
1433 4572 1605 4635 exemplaria,
1623 4584 1681 4622 cum
1700 4574 1800 4622 tantum
1820 4569 1937 4621 limnlsro
1956 4574 1983 4621 31
2001 4570 2111 4624 lasciuia
2134 4582 2203 4634 opus

340 4640 374 4692 slt
391 4645 497 4694 notante
516 4641 752 4694 dissimilitudinem
772 4643 798 4695 in
815 4644 901 4696 verbis
919 4645 1062 4707 horumque
1080 4643 1153 4708 copia
1171 4647 1198 4694 cl
1215 4654 1267 4694 nen
1284 4641 1311 4694 lu
1329 4643 1478 4705 sententia,
1496 4642 1564 4705 qnod
1582 4641 1712 4702 Pullippus
1731 4639 1757 4690 in
1775 4638 1901 4702 colloquio
1926 4638 2110 4694 Wonnatlensl
2128 4639 2202 4693 Ecdt

293 4750 299 4756 .
339 4707 469 4762 obiicienti
487 4709 721 4764 dissimilitudinem
741 4713 916 4776 exemplorum
935 4712 1112 4766 confessionis
1130 4714 1297 4775 augustanae
1316 4711 1459 4774 respoudit,
1483 4721 1571 4763 rerum
1596 4708 1708 4762 earrdem
1726 4719 1787 4761 esse
1805 4707 1977 4772 scatentium,
2000 4711 2049 4763 etsi
2073 4709 2204 4774 quaedam

340 4778 435 4899 3113311
451 4779 478 4831 lu
493 4781 637 4875 postcrlope
654 4781 767 4836 editione
784 4783 828 4835 rel
845 4783 1012 4847 explicatiora
1029 4781 1082 4836 slut
1097 4785 1203 4846 propter
1226 4780 1405 4844 adremarlos,
1427 4779 1469 4833 rel
1490 4779 1575 4842 33313
1598 4779 1725 4842 mitigata.
1760 4779 1790 4834 iit
1811 4777 1860 4831 buc
1880 4788 2008 4842 responso
2033 4781 2134 4834 Ecclum
2160 4789 2205 4833 ac»

341 4858 373 4910 qu
385 4848 471 4901 evlsse
488 4855 598 4903 constat

259 4938 325 5008 111)
344 4941 380 4995 bb
396 4941 463 4994 baec
480 4956 495 4996 a
512 4944 659 4998 Peucero
678 4948 787 5010 utroque
805 4945 861 4998 loco
879 4945 962 4998 relata
979 4944 1174 4999 l'euerllnus
1192 4944 1210 4996 l.
1228 4944 1246 4996 l.
1266 4943 1284 4996 l.
1302 4955 1328 5007 p.
1346 4943 1389 4999 ill.
1407 4943 1534 5006 haesitat,
1553 4954 1587 4996 an
1604 4943 1671 4995 llaec
1688 4942 1733 5000 lid.
1752 4942 1786 4995 ad
1804 4938 2203 4996 33333151331113133313

342 5011 384 5063 Sic
401 5014 469 5064 enirn
488 5014 514 5065 in
532 5013 676 5066 Edlllunum
695 5015 872 5069 confessionis
895 5015 1048 5068 recensione
1073 5013 1216 5067 secuudum
1238 5025 1365 5066 annorum
1390 5013 1507 5065 ordinem
1531 5011 1633 5076 digesta
1657 5012 1710 5066 ll
1734 5010 1848 5075 scripsit:
1874 5023 1913 5073 „a
1940 5013 2014 5066 1558.
2050 5011 2151 5073 unser..
2168 5019 2203 5062 au

342 5080 410 5133 rorte
428 5082 478 5133 333
495 5095 563 5135 3333
580 5082 632 5136 133
650 5083 777 5148 impressa
795 5085 905 5147 primum
925 5083 1005 5136 luerit
1021 5083 1102 5136 Editio
1120 5083 1315 5153 calderariata
1333 5085 1504 5144 31333333,
1522 5094 1589 5146 quae
1609 5080 1642 5133 ad
1661 5095 1684 5134 a.
1711 5084 1786 5136 1510.
1811 5079 1904 5133 reterri
1928 5082 2014 5134 soleti
2048 5081 2121 5134 ilatio
2142 5088 2204 5131 333

295 5173 304 5185 =
341 5149 914 5217 1311133113333331,3313333333
933 5153 967 5205 ad
985 5165 1009 5204 a.
1031 5154 1097 5204 1538
1115 5152 1243 5213 retertur,
1261 5163 1284 5204 e.
1302 5163 1327 5214 g.
1347 5152 1372 5204 ln
1390 5152 1561 5205 lloombeclll
1585 5154 1691 5205 summa
1715 5152 1880 5205 controvers.
1898 5161 1923 5214 p.
1949 5152 1999 5202 623
2018 5152 2046 5202 et
2067 5149 2093 5201 ln
2115 5145 2203 5202 ludlre

341 5220 482 5274 voluminis
501 5222 648 5285 luperam
667 5222 1207 5283 1111331333313313111331ῠὶ33133.
1231 5221 1407 5275 confessionis
1430 5221 1510 5274 editio
1533 5225 1680 5284 postrema,
1705 5232 1771 5285 uuae
1793 5218 1904 5282 repetita
1925 5222 1967 5271 est
1988 5231 2012 5271 a.
2040 5217 2119 5280 1533,
2141 5217 2203 5268 ante

340 5289 468 5353 colloquia
487 5290 675 5345 wormatiense
693 5296 721 5345 et
736 5293 932 5357 Ratispunense,
949 5291 1067 5357 quamvls
1084 5291 1111 5347 lu
1128 5291 1293 5353 inscriptione
1312 5291 1394 5356 lpslns
1411 5290 1489 5343 buius
1507 5292 1623 5343 mutatae
1646 5288 1823 5343 confessionis
1846 5287 1891 5340 lul
1912 5289 1957 5345 311.
1982 5287 2102 5342 deantur
2122 5283 2204 5338 iidem

341 5358 446 5413 1313311
463 5360 592 5425 copiosius
610 5365 637 5416 et
653 5362 807 5427 explicatius
825 5361 951 5416 declarati
967 5360 1124 5416 wormatiae
1141 5373 1166 5416 a
1184 5361 1266 5426 latu,
1282 5363 1389 5426 propter
1404 5359 1509 5413 adrem.
1527 5360 1641 5415 331333.
1659 5359 1804 5423 interpreti.
1821 5355 1889 5410 eta⁶⁴
