4808 6204
1006 1244 1520 1399 ARTIOULI

1140 1452 1204 1519 DE
1227 1442 1390 1528 thssus

671 1602 1075 1726 EGERUNT
1111 1602 1290 1846 PE}
1313 1600 1869 1726 VISITATORES

919 1922 1228 2022 REGIONE
1255 1922 1612 2021 SAXONIAE.

1044 2109 1387 2172 WITI'EMBERGAE
1405 2112 1496 2173 1527.

1169 2368 1381 2383 ’.Ι--Ι-ι

1025 2526 1557 2681 ΑΒΤιουιΙ1
1698 2554 1704 2564 ’

1096 2759 1219 2827 ERGA
1242 2758 1451 2827 clibanos

1235 2899 1307 2952 PER

883 3024 1172 3094 usmaromas
1198 3024 1490 3095 nxmmanot.
1547 3021 1660 3115 aon)

308 3298 336 3362 l.
371 3294 424 3362 De
447 3294 629 3383 decalogo,
648 3292 696 3360 'an
718 3296 863 3362 doceant
885 3293 1098 3380 decalogum,
1123 3314 1163 3358 ax
1180 3314 1246 3380 quo

372 3384 505 3449 tradant
527 3383 713 3447 doctrinam
735 3382 876 3447 timoris.
909 3378 964 3447 De
986 3382 1105 3465 poenis
1128 3401 1247 3465 corpo·

371 3468 500 3535 ratibus
523 3480 556 3534 et
588 3469 769 3554 pet-penta.
826 3466 1022 3535 Differentia
1050 3486 1246 3559 poenarum,

372 3556 415 3622 dc
438 3554 580 3642 singulis
603 3556 704 3619 vitiis.
717 3557 747 3633 2)
810 3619 814 3631 ,

305 3642 328 3706 2
372 3642 548 3716 Quomodo
583 3640 679 3705 iidem
714 3643 878 3722 doceant,
919 3642 998 3728 quid
1031 3640 1074 3705 sit
1108 3638 1246 3718 tidem)

373 3750 439 3814 quo
452 3732 481 3808 ⁴)
515 3747 761 3830 consequamur
783 3749 873 3798 eam,
908 3742 941 3792 et
969 3746 1036 3813 quo
1049 3730 1079 3802 ⁴)
1102 3728 1246 3791 doceant

370 3816 523 3881 homines
545 3814 729 3878 iustificari.

307 3900 339 3966 3.
373 3901 461 3974 Quid
483 3900 626 3964 doceant
642 3901 685 3963 de
702 3901 932 3979 sacramentis,
943 3898 1169 3983 Baptismatis,
1180 3895 1246 3961 Eu·

373 3987 564 4065 charistiae,
587 3983 630 4049 Et
650 3985 884 4069 poenitentiae.

307 4074 340 4138 t.
375 4074 467 4138 Sitne
489 4092 606 4138 verum
628 4068 763 4156 Corpus
786 4070 909 4136 Christi
938 4071 971 4136 in
992 4091 1101 4156 pane,
1127 4089 1245 4136 verus·

374 4180 440 4247 que
461 4158 600 4245 sangnis
617 4158 651 4221 in
674 4154 792 4236 calice,
813 4168 850 4223 et
869 4161 979 4241 quu⁴)
1001 4156 1069 4222 hoc
1090 4159 1245 4243 probent.

182 4256 185 4264 '
305 4247 339 4311 ὖ.
372 4246 457 4322 Quia
484 4244 613 4311 fructus
640 4244 685 4308 sit
716 4264 759 4308 ex
787 4244 1042 4310 manducatione
1067 4243 1244 4329 petendus.

268 4388 272 4405 .
305 4332 339 4399 6.
373 4332 428 4398 De
448 4330 623 4416 Baptismo
647 4326 876 4414 parvulorum,
898 4344 931 4395 et
951 4332 1223 4414 rebaptisatione.

306 4418 337 4483 7.
371 4417 674 4591 lidaeamgpsoenitantia,
707 4417 788 4503 quid
815 4417 877 4496 ait,
905 4415 949 4481 Et
969 4434 1057 4505 qnae
1077 4418 1147 4483 rint
1174 4418 1246 4483 eitra

282 4763 312 4831 1)
329 4762 487 4815 Articuli-
498 4762 673 4813 nominandi
685 4761 749 4829 .20.]
765 4778 814 4830 pro
831 4761 880 4814 baa
895 4763 1056 4831 immistione
1072 4759 1145 4816 tate
1159 4761 1210 4814 Ed.
1221 4763 1246 4812 2.

334 4830 440 4952 mccc:
462 4832 577 4882 Articuli
599 4831 773 4897 homoboni·
795 4831 974 4883 Boclotiarmn
999 4831 1134 4885 suanm
1161 4845 1248 4882 emcn-

281 5004 313 5070 2)
329 5002 500 5125 Bianoris:
512 5017 669 5070 marom,
696 5005 731 5056 dc
756 5004 869 5071 augutu
886 5003 981 5072 vidia]
1009 5002 1070 5057 doec
1094 5005 1123 5055 io
1148 5002 1199 5055 Ed
1219 5006 1246 5057 2.

333 5088 427 5125 mm
500 5110 508 5125 .

277 5174 312 5245 8)
329 5177 395 5259 qnid
409 5177 446 5228 tit
460 5174 550 5244 iden]
564 5176 616 5230 nd.
634 5178 661 5233 2.
677 5177 743 5245 qnid
758 5177 834 5242 ldae,

1326 3294 1376 3358 .8.
1408 3292 1462 3359 De
1491 3295 1672 3375 charitate,
1703 3294 1746 3361 Bt
1781 3295 1972 3361 obedientia
2000 3316 2082 3383 erga
2103 3295 2140 3360 Μ
2183 3299 2280 3364 ‘stra-

1407 3392 1494 3459 tum,
1524 3378 1578 3446 De
1599 3402 1718 3461 cruce,
1741 3382 1783 3447 de
1805 3382 1980 3466 patientia,
2005 3381 2049 3447 Et
2070 3379 2144 3448 aliis
2222 3386 2280 3449 cti·

1408 3467 1472 3531 bns
1494 3467 1640 3552 spiritua.

1342 3553 1375 3618 9.
1408 3551 1650 3639 DeGoniugio,
1674 3555 1716 3619 dc
1733 3553 1851 3619 timore
1861 3552 1938 3633 Dei,
1962 3554 2129 3641 quomodo
2148 3574 2281 3643 semper

1408 3660 1482 3704 cunt
1505 3640 1572 3704 tide
1594 3640 1649 3716 sit,
1673 3640 1715 3705 de
1736 3640 1864 3706 insidiis
1888 3638 2020 3706 diaboii.

1322 3726 1373 3791 10.
1407 3722 1461 3792 De
1472 3726 1704 3791 traditionibus
1713 3726 1893 3807 bominum,
1906 3747 1972 3814 quo
1985 3731 2014 3807 ⁴)
2027 3728 2181 3800 doceant,
2193 3747 2281 3814 quaa

1406 3812 1595 3878 servandae
1616 3813 1698 3891 sint,
1722 3833 1807 3918 quae
1828 3833 1896 3877 non
1918 3814 2116 3894 servandae,
2139 3817 2279 3880 cursint

1408 3899 1608 3978 servandae,
1631 3896 1685 3965 De
1706 3901 1851 3966 vitandis
1874 3897 2054 3970 scandalis.

1321 4002 1372 4066 ll.
1407 4000 1462 4067 De
1482 4000 1591 4069 forma
1612 4004 1751 4083 missae,
1772 4004 1814 4068 da
1836 4001 2073 4083 Conctontbua,
2095 4000 2151 4067 Do
2171 3998 2276 4070 teriia.

1311 4106 1373 4174 Ji.
1406 4103 1461 4172 De
1478 4109 1615 4173 casibus
1637 4105 1947 4186 matrimonialibus,
1969 4105 2183 4193 degradtbm
2200 4126 2278 4191 pro·

1323 4278 1375 4346 13.
1405 4191 1682 4357 ῗῖἷηῖἷὶωῑιῑυω,
1704 4278 1748 4343 m
1769 4279 1894 4344 asmo

1321 4383 1373 4448 14.
1405 4381 1460 4448 De
1477 4383 1616 4449 mortuis
1638 4383 1807 4470 quomodo
1829 4383 1981 4450 doceant.

1321 4486 1374 4552 15.
1406 4484 1460 4592 De
1481 4485 1707 4571 praecatione,
1730 4506 1772 4550 an
1795 4496 1952 4551 enarrent
1972 4485 2155 4551 orationem
2165 4479 2280 4550 Domi·

1322 4659 1373 4724 16.
1406 4593 1663 4745 ¹trilssrmsssmbolon
1680 4668 1844 4723 enarrent.

1322 4746 1373 4813 17.
1405 4743 1459 4809 De
1481 4742 1622 4810 scholis.

1322 4831 1375 4898 18.
1404 4830 1458 4898 Dc
1479 4829 1642 4896 Aeditoic

1322 4918 1374 4984 19.
1407 4915 1462 4982 De
1483 4918 1629 4996 aerario,
1656 4913 1711 4980 De
1732 4913 1928 4983 fundatione
1947 4936 2011 5001 pro
2028 4914 2204 4982 detractio.

1318 5003 1373 5071 20.
1409 5003 1569 5078 Quisnam
1591 5003 1706 5088 puniet
1718 5006 1747 5080 δ)
1768 5001 1953 5069 adulteros.
2186 5049 2193 5063 .

279 5276 1221 5351 t)qn011td.t.tthmoetooapotoemtatae=qoonooo
1315 5280 1688 5350 enumquam«
