4808 6204
192 284 238 374 ua
627 310 742 377 PillL.
764 309 868 377 MEL.
891 309 1080 378 schiera
1101 309 1372 379 DOGMATlCA
1392 313 1449 379 ET
1471 313 1745 380 SYMBOLICA.
2143 318 2206 385 100

192 507 268 563 rent.
312 496 448 561 Volebat
464 500 559 579 primo
581 496 755 580 Imperator,
777 505 812 561 ut
832 498 886 561 illa
907 501 968 562 sibi
991 502 1020 562 in
1042 521 1149 562 manus
1171 502 1349 575 traderetur,
1367 523 1422 583 per
1444 504 1537 566 otium
1557 504 1765 576 examinanda,
1783 511 1878 583 utque
1896 505 2087 585 postmodum
2109 506 2148 568 de
2170 529 2209 570 ea

194 607 263 648 curn
283 584 497 655 Electoribns,
515 582 708 666 Principibus
743 594 774 648 et
796 583 988 648 Consiliariis
1022 588 1089 648 suis
1124 586 1291 649 deliberare
1330 596 1449 670 posset.
1495 587 1631 650 Tandem
1661 610 1749 661 vero,
1783 597 1817 651 nt
1849 611 1969 651 omnem
2002 595 2207 673 conquerendi

144 698 147 703 ·
194 692 319 735 cansam
342 672 540 753 praecideret,
564 692 696 732 annuere
718 674 822 752 petitis
847 672 991 740 decrevit;
1017 680 1048 734 et
1070 674 1149 734 diem
1172 682 1354 754 sequentem
1372 677 1411 737 iia
1429 677 1609 754 assignavit,
1628 696 1688 755 qno
1712 677 1741 735 in
1760 676 1925 738 coenaculo
1937 676 2041 758 palatii
2053 680 2114 751 sui,
2138 700 2207 742 con-

194 761 329 841 gregatis
348 759 517 834 ordinibus,
540 758 690 819 audienda
712 759 818 831 forent,
839 779 917 839 quae
936 759 1115 839 proterenda
1136 760 1292 821 haberent.
1803 812 1808 822 .

349 845 403 905 Sic
422 845 471 904 die
495 845 627 917 Saturni,
651 846 703 924 qni
726 853 790 905 erat
809 848 858 909 95.
880 844 966 915 Ιιιιιίἰ,
989 843 1114 905 Elector
1136 844 1298 917 Saxoniae,
1321 867 1389 907 cum
1408 843 1496 906 Duce
1518 847 1654 908 Iohanne
1671 845 1846 920 Friderico‚
1871 849 1932 910 filio
1955 870 2024 921 sno,
2048 857 2079 911 et
2096 851 2206 931 reliqui

194 934 328 1012 quinque
350 929 510 1011 Principes
532 930 756 999 protestantes,
779 930 950 1010 Irogatiqne
972 929 1246 1010 Norimbergenses
1268 939 1299 992 et
1316 931 1570 1011 Reutlingenses,
1594 934 1682 995 tertia
1703 940 1776 1013 post
1796 936 1952 999 meridiem
1986 935 2074 1007 hora,
2105 958 2206 998 coram

192 1016 376 1100 Imperatore
394 1023 632 1098 comparuerunt,
655 1038 761 1077 secum
784 1017 933 1077 habentes
957 1014 1194 1078 Conl'essionem
1217 1016 1397 1078 Germanice
1421 1025 1453 1079 et
1472 1019 1582 1080 Latine
1599 1021 1760 1101 scriptam,
1783 1021 1812 1081 in
1832 1040 1893 1100 qua
1915 1022 2049 1083 articulis
2071 1020 2206 1085 xxviii

193 1106 435 1181 continebantur,
453 1125 532 1180 quae
555 1106 634 1163 circa
652 1103 741 1162 fidem
765 1109 795 1163 et
819 1102 1009 1182 disciplinam
1031 1105 1197 1174 crederent,
1221 1104 1333 1165 additis
1355 1105 1603 1176 auctoritatibus,
1627 1107 1739 1184 quibus
1761 1114 1884 1169 asserta
1900 1128 1958 1168 sua
1980 1109 2204 1172 confinnabaot.

192 1189 335 1253 Latinum
360 1191 514 1271 exemplar
524 1188 681 1250 Pontanus
699 1208 789 1248 uranu
807 1190 940 1267 gerebat,
960 1188 1172 1250 Germanicum
1186 1189 1380 1251 Christianus
1398 1189 1541 1261 Baiarus,
1561 1190 1638 1250 alter
1655 1189 1808 1253 Electoris
1822 1190 2042 1266 cancellarius,
2066 1198 2201 1258 tenebat.

192 1276 357 1356 imperator
378 1277 518 1338 Latinum
542 1276 673 1356 praelegi
697 1274 836 1344 tolebat3
857 1275 915 1335 sed
938 1296 977 1336 ex
997 1274 1151 1336 Electoris
1173 1285 1244 1336 roto
1265 1275 1476 1337 Germanicum
1499 1297 1518 1337 a
1538 1276 1650 1338 Baiero
1672 1278 1758 1338 tarda
1779 1286 1812 1340 et
1833 1279 1894 1342 alta
1915 1301 1993 1341 voce
2019 1281 2205 1361 praelectum

193 1376 244 1424 est
266 1385 333 1424 cunr
352 1363 520 1423 incredibili
551 1360 789 1422 Protestantinm
811 1362 940 1439 gaudio,
971 1364 1021 1440 qni
1051 1361 1109 1422 hoc
1139 1361 1218 1422 iacto
1246 1362 1428 1440 triumphum
1456 1363 1610 1423 doctrinae
1638 1383 1715 1423 suae
1745 1365 1852 1443 egisse
1882 1367 1942 1428 sibi
1968 1367 2203 1447 persuadebant.

192 1451 256 1511 Sed
279 1470 348 1510 mox
366 1452 513 1529 apparuit,
537 1468 593 1507 eos
617 1449 738 1525 egregie
763 1446 861 1507 salsos
891 1468 972 1506 esse.
1017 1445 1185 1525 Postquam
1210 1450 1288 1507 enim
1311 1446 1534 1509 aDoctoribus
1558 1444 1728 1508 Catholicis
1756 1454 1926 1513 examinata
1953 1453 2088 1515 luissent
2104 1456 2205 1514 omnia

193 1536 334 1616 dogmata
356 1535 506 1595 haeretica
530 1537 557 1594 in
583 1533 856 1594 hacConl'essione
879 1540 1031 1605 contenta,
1055 1540 1086 1594 et
1104 1530 1333 1594 Confutatio
1363 1536 1544 1614 composita,
1564 1536 1652 1594 iussn
1674 1531 1868 1616 imperatoris
1891 1538 1921 1597 d.
1948 1542 1976 1599 3.
2000 1538 2150 1618 Augusti,
2172 1539 2203 1599 in

190 1623 282 1703 pleno
302 1642 455 1682 consessu
477 1619 640 1701 praelecta,
659 1626 689 1680 ot
707 1619 822 1698 rogatis
846 1620 1017 1691 sententiis,
1040 1619 1078 1679 ab
1108 1620 1249 1679 omnibus
1272 1616 1453 1690 Catholicis,
1482 1620 1533 1699 qni
1560 1616 1775 1682 Protestaotes
1806 1642 1930 1683 numero
1959 1623 2051 1703 longe
2079 1645 2204 1705 snpera-

190 1709 273 1781 bant,
297 1708 462 1789 approbata
483 1713 582 1783 esset,
605 1724 772 1765 conversus
791 1705 831 1764 ad
848 1702 1021 1765 Electorem
1040 1706 1191 1769 Saxoniae
1214 1711 1245 1766 et
1266 1703 1425 1786 Principes
1445 1708 1550 1767 socios
1572 1703 1735 1786 lmperator
1758 1707 1841 1780 dixit,
1864 1716 2004 1790 oportere
2027 1729 2099 1781 eos,
2124 1731 2204 1790 quae

191 1795 273 1857 lecta
291 1794 432 1868 fuissent,
455 1792 630 1874 approbare,
654 1793 736 1851 sicut
758 1790 848 1865 alios,
871 1797 901 1851 et
919 1790 1074 1871 suffragiis
1093 1790 1296 1852 comitialibus
1321 1792 1440 1852 cedere.
1485 1790 1530 1853 11Ιί
1554 1813 1625 1853 cero
1653 1792 1825 1874 exemplum
1848 1796 1951 1875 scripti
1975 1795 2038 1856 dari
2068 1795 2128 1857 sibi
2151 1817 2203 1876 pe·

192 1884 313 1952 tierent,
333 1881 414 1961 quod
433 1881 559 1961 primum
577 1897 668 1956 aegre
691 1876 871 1948 admissum,
889 1877 1011 1938 tandem
1034 1884 1133 1938 tamen
1153 1897 1189 1937 en
1212 1876 1385 1938 conditione
1404 1898 1586 1938 concessum
1610 1877 1674 1950 init,
1705 1886 1740 1940 ut
1761 1882 1897 1960 privatim
1923 1879 2088 1963 perlectuin
2106 1879 2203 1963 impe-

191 1969 279 2030 ratori
303 1967 473 2037 redderent,
495 1984 596 2043 neque
619 1984 686 2023 cum
710 1963 780 2023 aliis
804 1963 1068 2026 communicarent.
1108 1960 1258 2024 indultum
1278 1963 1337 2024 hoc
1355 1963 1425 2036 suit;
1450 1965 1653 2026 conditionem
1676 1973 1775 2026 tamen
1799 1966 1947 2029 adiectam
1965 1967 2043 2031 satis
2061 1968 2202 2029 ferociter

189 2056 369 2120 reiecerunt,
393 2060 424 2113 et
445 2050 665 2129 Landgravius,
686 2070 745 2109 non
765 2050 861 2129 petita
882 2051 981 2120 venia,
1002 2050 1146 2129 Augusta
1168 2049 1323 2112 discessit

345 2139 418 2219 Sed
432 2135 591 2217 Principes
609 2132 773 2207 Catholici,
796 2141 956 2216 sperantes
978 2138 1080 2196 reduci
1100 2156 1156 2195 eos
1185 2155 1300 2216 posse,
1325 2137 1352 2196 si
1377 2137 1406 2197 in
1430 2156 1599 2217 congressu
1625 2135 1799 2218 particulari
1828 2158 1896 2198 cum
1924 2138 1963 2197 iis
1990 2145 2139 2219 ageretur,
2162 2140 2201 2200 ab

188 2226 370 2308 imperatore
393 2226 593 2294 obtinuerunt,
616 2229 649 2284 nt
671 2220 788 2302 aliquot
804 2221 917 2282 delecti
939 2222 1037 2283 amice
1055 2242 1122 2282 cum
1145 2223 1184 2283 iis
1202 2221 1381 2283 conterrent.
1426 2218 1504 2283 Cum
1527 2222 1720 2294 Melanthon,
1744 2223 1787 2284 nil
1809 2224 1867 2283 nisi
1897 2211 2086 2287 concordiam
2117 2231 2148 2286 ct
2170 2225 2202 2286 h·

187 2334 256 2375 nem
279 2314 549 2374 controversiarum
572 2310 717 2389 cupiens,
740 2310 770 2368 in
793 2306 968 2387 colloquiis,
987 2328 1066 2387 quae
1088 2307 1139 2368 die
1163 2313 1189 2370 7.
1199 2309 1333 2388 Augusti
1352 2316 1384 2369 et
1400 2310 1602 2388 sequentibus
1626 2309 1737 2371 diebus
1760 2311 2003 2383 instituebantur,
2026 2313 2086 2373 ianr
2106 2310 2202 2374 multa

186 2399 344 2482 plerisque
370 2418 408 2458 ex
435 2399 502 2458 suis
526 2416 584 2456 oon
609 2393 762 2475 placentia
782 2394 1010 2462 concessisset,
1038 2395 1153 2456 vetitrrs
1177 2400 1242 2466 est,
1273 2415 1311 2455 ne
1339 2395 1417 2456 ultra
1435 2396 1575 2470 cederet3
1599 2403 1691 2475 atque
1718 2398 1760 2457 ita
1787 2394 1973 2476 colloquium
2003 2399 2084 2459 circa
2110 2390 2200 2460 tinem
2311 2479 2316 2487 Ι

187 2487 323 2567 Augusti
345 2485 462 2545 mensis
484 2483 597 2543 exitum
616 2481 731 2555 habuit,
752 2478 890 2559 nihilque
909 2478 1087 2541 conclusum
1109 2486 1167 2542 est.

342 2569 458 2630 Verum
481 2567 655 2648 imperator,
679 2581 746 2626 cum
768 2584 870 2644 neque
886 2584 995 2646 preces
1017 2585 1118 2645 neque
1137 2568 1296 2647 promissa,
1320 2586 1420 2646 neque
1443 2587 1522 2645 quae
1541 2567 1579 2628 ad
1600 2569 1769 2628 movendos
1792 2566 1864 2628 illos
1887 2570 1979 2640 serio,
2003 2576 2035 2630 et
2056 2588 2094 2629 so
2114 2589 2200 2649 prae·

187 2664 288 2728 sente,
306 2675 516 2738 parmensem
534 2652 744 2733 Septembrem
767 2654 923 2732 proposita
944 2651 1092 2722 inissent,
1122 2654 1283 2732 quicquam
1314 2652 1352 2713 ad
1369 2653 1569 2735 ¹,reducendos
1594 2674 1649 2715 eos
1680 2655 1718 2714 ad
1742 2654 1833 2716 fidem
1856 2652 2020 2716 Ecclesiae
2041 2653 2200 2718 Romanae

187 2742 359 2825 profecisse
376 2741 502 2811 videret,
527 2741 676 2800 communi
696 2738 825 2800 aliorum
847 2736 1020 2818 Principum
1043 2758 1198 2799 consensu
1217 2739 1371 2800 decretum
1395 2738 1477 2812 iecit,
1501 2748 1534 2802 et
1554 2740 1605 2801 die
1629 2742 1681 2800 22.
1704 2742 1773 2802 eins
1795 2743 1923 2812 mensis,
1942 2740 2078 2805 Electori
2101 2740 2200 2802 Saxo-

188 2832 257 2891 niae
279 2836 310 2890 et
332 2826 577 2889 Protestantibns
601 2827 706 2896 sociis,
731 2845 898 2905 eorumque
919 2824 1070 2905 delegatis
1088 2826 1204 2886 recitari
1228 2826 1321 2886 iussit
1338 2825 1398 2886 hoc
1428 2845 1541 2887 sensnr
1566 2824 1781 2907 imperatorem
1804 2832 1926 2909 tempus
1956 2827 2021 2889 illis
2043 2847 2144 2909 usque
2161 2827 2202 2889 ad

188 2910 406 2995 d.1.'r.'Aprilis
420 2917 511 2977 1531.
524 2912 701 2983 concedere,
724 2913 801 2973 intra
812 2910 894 2991 qnod
911 2911 1131 2995 profiterentur,
1153 2930 1225 2972 num
1237 2912 1267 2971 in
1290 2912 1430 2974 omnibns
1446 2912 1517 2974 iidei
1530 2911 1700 2974 catholicae
1722 2913 1876 2994 capitibus
1896 2915 2068 2976 consentire
2086 2913 2202 2977 vellent

187 3022 257 3064 cum
278 2997 471 3080 Principibus
493 3000 625 3078 aliisque
647 2998 790 3059 membris
812 2995 943 3078 Imperii,
967 2999 1018 3077 qni
1041 3018 1144 3059 eorum
1167 2993 1403 3060 consessionem
1420 3005 1495 3080 post
1512 2997 1645 3080 diligens
1664 3020 1789 3061 examen
1801 2997 1974 3083 lectamque
1992 3000 2203 3064 refutationem

185 3090 385 3152 communiter
401 3088 594 3156 reiecissent,
621 3092 654 3146 et
674 3104 712 3145 an
734 3085 929 3146 renuntiaturi
953 3091 1062 3146 essent
1078 3082 1225 3155 articulis,
1243 3085 1274 3145 in
1297 3085 1409 3164 quibus
1432 3084 1532 3147 adhrm
1554 3085 1771 3168 discreparent,
1789 3086 1872 3148 sicut
1900 3089 1939 3148 ab
1962 3085 2032 3148 aliis
2062 3088 2092 3147 in
2111 3086 2202 3149 collo-

187 3177 260 3256 quio
279 3195 316 3237 ea
337 3174 377 3236 de
399 3192 493 3234 cansa
510 3172 615 3233 habito
637 3171 839 3233 destitissent
884 3168 991 3232 Veturi
1010 3176 1127 3242 autem,
1150 3190 1189 3231 ne
1216 3171 1294 3232 intra
1315 3178 1438 3253 tempus
1466 3171 1528 3235 hoc
1556 3171 1704 3234 indultum
1731 3173 1892 3252 quicquam
1924 3174 2117 3242 innovarent,
2146 3194 2203 3234 nec

188 3263 272 3343 typis
289 3261 424 3322 mandari
445 3261 663 3340 permitterent,
687 3258 757 3319 tidei
780 3257 943 3318 Ecclesiae
966 3252 1146 3318 Catholicae
1168 3263 1200 3318 et
1216 3256 1373 3319 Romanae
1396 3259 1586 3320 conharium.
1629 3256 1741 3338 Neque
1769 3258 1902 3338 permitti
1928 3256 2007 3331 illis,
2035 3264 2070 3318 ut
2097 3277 2202 3339 quem·

188 3368 292 3429 qnam,
314 3345 567 3428 quemadmodum
584 3344 747 3424 hucusque
769 3343 928 3415 iecissent,
947 3343 987 3404 ad
1008 3350 1124 3406 sectam
1147 3362 1237 3404 suam
1264 3342 1457 3425 pellicerent,
1488 3364 1588 3425 neque
1607 3340 1806 3415 Catholicos,
1824 3343 1899 3404 licet
1919 3344 1979 3404 sibi
2006 3341 2160 3413 subditos,
2183 3362 2203 3402 a

187 3432 285 3496 libero
306 3435 449 3512 antiquae
471 3431 627 3511 religionis
650 3431 794 3492 exercitio
816 3432 847 3491 in
869 3431 1035 3492 ditionibus
1053 3430 1121 3491 suis
1143 3437 1290 3503 arcerent,
1312 3437 1364 3493 ant
1386 3427 1572 3493 Sacerdotes
1594 3438 1626 3493 et
1646 3428 1819 3493 Monachos
1846 3429 1876 3490 in
1899 3427 2104 3492 celebratione
2125 3426 2202 3489 Mis-

187 3540 245 3583 saa
263 3525 295 3582 et
315 3518 561 3581 administrandis
579 3538 647 3578 cnm
669 3516 766 3579 libera
782 3523 936 3598 potestate
953 3517 1159 3578 sacramentis
1182 3515 1372 3598 impedirent,
1406 3518 1539 3597 deniqne
1566 3523 1601 3580 ut
1619 3537 1688 3579 cum
1717 3519 1828 3578 ceteris
1849 3512 2043 3596 Principibus
2071 3534 2201 3576 commu·

187 3608 280 3669 nibus
301 3606 416 3667 uiribus
438 3605 657 3685 Anabaptistas
680 3610 711 3664 et
731 3603 990 3664 sacramentarios
1012 3623 1052 3664 ex
1077 3600 1205 3684 lmperio
1228 3605 1469 3665 exterminarent.
1525 3599 1683 3673 Ceterum,
1718 3602 1790 3684 qnia
1810 3600 1992 3681 longissimo
2010 3606 2147 3681 tempore
2168 3598 2202 3661 li·

187 3696 297 3755 ·bernm
321 3699 352 3753 et
373 3691 546 3752 universale
566 3687 739 3751 Concilium
760 3710 820 3750 non
839 3690 953 3751 hrisset
974 3689 1120 3760 habitum,
1142 3687 1229 3751 multi
1251 3696 1351 3751 tamen
1369 3691 1488 3751 abusus
1510 3690 1540 3749 in
1564 3693 1645 3751 statu
1668 3688 1884 3770 ecclesiastico
1914 3694 1945 3750 at
1970 3687 2095 3768 politico
2117 3706 2202 3768 repe·

190 3780 326 3850 rirentnr,
350 3781 402 3858 qui
424 3779 598 3839 necessario
621 3776 791 3856 corrigendi
808 3783 926 3846 essent,
949 3773 1172 3856 imperatorem,
1192 3777 1245 3855 qui
1268 3794 1335 3836 cum
1357 3770 1507 3837 Pontitice
1529 3774 1569 3834 de
1591 3776 1714 3855 negotio
1736 3773 1796 3834 hoc
1817 3774 1939 3835 iamiam
1960 3780 2140 3845 hamuset,
2164 3790 2204 3834 ex

189 3864 319 3927 consilio
341 3863 527 3936 Electornm‚
550 3861 724 3944 Principum
747 3868 779 3924 et
800 3861 948 3923 Ordinnm
970 3859 1089 3943 lmperii
1107 3861 1303 3936 decrevisse,
1328 3860 1409 3942 apud
1429 3858 1623 3933 Pontificem,
1652 3856 1761 3941 Reges
1780 3867 1812 3921 et
1832 3859 1911 3921 alios
1933 3858 2094 3943 Principes
2117 3856 2202 3920 Chri·

188 3952 306 4013 stianos
325 3970 446 4032 operam
468 3948 653 4031 impendere,
675 3948 807 4010 utillud
828 3948 905 4010 intra
925 3967 984 4009 sax
1004 3967 1130 4010 menses
1153 3968 1172 4009 a
1192 3947 1252 4009 tine
1270 3945 1468 4009 Comitiornm
1490 3946 1594 4007 horum
1618 3943 1835 4028 lmperialinm,
1857 3946 1927 4009 loco
1950 3945 2108 4007 commodo
2127 3944 2203 4005 indi·

188 4045 319 4113 caretur,
340 4039 417 4098 intra
438 4055 547 4097 annum
569 4042 643 4116 post
659 4035 908 4098 convocationem
931 4035 1132 4099 habendum.¹

344 4121 504 4203 Principes
531 4119 743 4184 Protestantes
767 4121 964 4184 vehementer
996 4121 1056 4184 hoc
1088 4121 1212 4183 demeto
1244 4120 1368 4182 minime
1390 4122 1569 4200 exspectato
1591 4120 1697 4193 territi,
1731 4120 1781 4181 die
1804 4120 1945 4199 sequenti
1966 4114 2204 4200 Apologiam

189 4206 465 4273 confessionis
486 4227 563 4270 suae
585 4228 605 4268 a
624 4207 823 4271 Melanthone
846 4208 1087 4293 compositam')
1109 4206 1283 4289 lmperatorl
1305 4206 1335 4267 d.
1352 4207 1411 4279 22.
1434 4204 1522 4287 Sept.
1543 4213 1747 4286 porrexerunt.
1791 4203 1857 4267 Sed
1879 4225 1946 4267 cnm
1975 4222 2042 4264 eam
2065 4222 2104 4263 ne
2117 4202 2204 4260 acci·
2318 4220 2323 4226 ·

188 4297 408 4379 perequidem
425 4295 531 4367 vellet,
551 4301 583 4357 et
604 4294 768 4376 significari
786 4296 913 4367 iuberet,
936 4296 963 4355 si
982 4314 1042 4356 non
1065 4295 1197 4356 contenti
1219 4299 1329 4354 essem
1349 4290 1410 4353 hoc
1427 4292 1562 4365 decreto,
1584 4293 1694 4372 inquo
1714 4291 1789 4352 nihil
1807 4298 1976 4354 mutaturus
1996 4295 2094 4359 esset,
2113 4285 2204 4348 vehe-

188 4386 321 4447 mentius
344 4382 428 4444 aliud
449 4403 487 4444 se
508 4380 571 4443 illis
589 4380 828 4463 publicaturum:
851 4381 923 4463 ipsi,
947 4381 1134 4442 obfirmatum
1151 4378 1236 4441 illum
1258 4380 1289 4440 in
1305 4378 1464 4460 proposito
1483 4397 1542 4439 sno
1563 4376 1715 4450 ridentes,
1738 4383 1918 4449 statuerunt,
1941 4396 1976 4437 se
1999 4375 2121 4436 decreto
2144 4393 2204 4434 non

189 4489 266 4530 esse
283 4462 443 4551 parituros,
464 4467 561 4531 multa
575 4474 676 4530 umen
695 4489 763 4532 crrm
780 4466 974 4529 veneratione
989 4463 1183 4547 imperatoris
1203 4465 1351 4536 dixerunt,
1374 4463 1468 4536 nolle,
1484 4483 1522 4526 se
1540 4484 1608 4526 cnm
1626 4464 1656 4524 in
1674 4464 1826 4525 sententia
1848 4461 1932 4523 illnm
1959 4462 2128 4542 persistere
2143 4459 2204 4519 aui·
2280 4496 2287 4506 ·

188 4555 422 4626 madverterent,
440 4557 470 4615 in
493 4555 553 4616 hoc
575 4556 696 4636 negotio
720 4554 892 4617 molestiam
910 4555 938 4614 ei
961 4550 1093 4634 amplius
1115 4550 1271 4624 exhihere,
1292 4550 1351 4612 sad
1368 4549 1575 4632 providentiae
1597 4548 1717 4611 divinae
1739 4569 1802 4611 rem
1821 4549 2020 4610 committere.
2063 4547 2118 4609 Sic
2139 4565 2206 4628 per·

299 4899 501 4973 smenon
516 4909 630 4974 quidam,
659 4908 722 4961 dnm
742 4907 887 4961 mutantia
915 4919 933 4959 a
949 4905 1085 4969 iheoiosis
1114 4904 1251 4959 Pounnata
1274 4905 1484 4969 pneumam,
1510 4904 1649 4968 nmeopna
1678 4902 1735 4956 eins
1760 4902 1891 4956 contenta.
1925 4901 1963 4954 td
1979 4900 2031 4954 ista
2047 4894 2205 4962 Melanthea,

344 4990 500 5043 quamquam
518 4979 570 5042 teri
588 4976 796 5032 contemtionem
815 4977 871 5041 ipre
888 4988 940 5028 non
956 4974 1108 5037 audivisset,
1127 4975 1331 5035 communicatis,
1348 4979 1376 5028 nt
1393 4975 1418 5027 in
1436 4973 1575 5038 apotome
1599 4972 1763 5026 tractatione
1780 4971 1928 5036 protitetnr,
1946 4982 2004 5024 anm
2022 4970 2080 5024 aitis
2097 4968 2205 5022 Theolo-

343 5049 384 5111 ris
403 5048 530 5111 conchiis,
548 5059 702 5112 respomnm
723 5045 879 5110 composuit,
898 5044 976 5109 idque
994 5045 1099 5097 caesari
1121 5045 1251 5106 obianum,
1280 5043 1329 5097 sed
1351 5046 1501 5097 recusatam
1527 5042 1583 5096 tuit
1619 5043 1654 5095 Eo
1680 5044 1767 5094 autern
1790 5040 1878 5105 tstyio,
1901 5051 1951 5105 qno
1980 5039 2026 5091 iiia
2048 5037 2203 5102 apologia

346 5117 591 5182 summarorium
607 5118 672 5173 erat.
690 5114 762 5169 etita
780 5125 832 5167 non
849 5117 899 5177 est,
917 5113 965 5167 set
982 5114 1036 5178 tait,
1054 5113 1157 5178 quatem
1175 5113 1322 5167 uenouon
1351 5112 1469 5178 monenti
1495 5124 1564 5167 anno
1586 5112 1661 5166 itai.
1688 5114 1747 5175 post
1770 5111 1925 5163 mastonem
1944 5106 2072 5169 tornavit,
2089 5110 2118 5159 nt
2134 5104 2205 5158 idom

343 5187 371 5241 in
388 5188 433 5241 iila
450 5186 611 5251 nmeiatione
629 5183 721 5246 refert,
739 5183 868 5248 sinaniqne
885 5182 990 5246 indimt,
1007 5182 1214 5236 conmmmem
1231 5183 1316 5246 ipsam
1334 5192 1350 5234 a
1367 5192 1398 5236 sa
1416 5185 1507 5245 natea
1524 5181 1608 5236 mmm
1633 5179 1703 5245 esse,
1721 5192 1798 5245 qnam
1817 5179 1877 5233 dicit
1894 5177 1960 5232 ariao
1976 5174 2099 5229 insidiose
2118 5177 2145 5227 et
2161 5185 2206 5226 ca·

345 5257 472 5311 inmniose
491 5257 667 5320 compositam,
686 5260 713 5305 nt
733 5251 826 5305 tallere
845 5251 923 5304 etiam
942 5254 1031 5305 cantos
1050 5251 1076 5304 in
1093 5251 1249 5316 quibusdam
1266 5251 1330 5306 iocis
1346 5251 1438 5315 possit
