4808 6204
190 438 257 507 sta
643 434 759 502 Patr..
780 432 886 501 MEL·
908 432 1097 501 SCRIPTA
1117 431 1389 502 DOGMATICA
1409 433 1467 501 ET
1488 433 1762 502 SYMBOLlCA.
2141 435 2214 503 380

214 647 290 694 uam
323 626 460 715 grauior
494 644 614 701 causa,
649 626 772 709 optirne
805 623 1006 709 imperator,
1039 622 1073 687 in
1105 620 1170 686 Ec·
1221 633 1364 707 querunt
1386 619 1671 703 consolationem,
1694 637 1728 688 et
1751 621 1939 689 confirmati
1965 621 2032 689 hoc
2057 625 2213 692 testimo·

193 714 297 779 eesia
319 711 450 791 incidit,
477 723 534 776 aut
564 711 707 798 dignior,
739 710 781 775 de
814 729 882 795 qua
910 708 1001 775 docti
1030 718 1063 773 et
1091 708 1171 773 boni
1219 710 1276 774 nio
1300 709 1439 775 credunt
1462 729 1542 775 vere
1564 710 1629 774 sibi
1650 710 1794 794 prestari
1824 710 2057 775 remissionem
2085 732 2212 795 peeca-

192 801 254 867 viri
276 796 451 886 diligenter
478 796 675 863 deliberent.
727 795 855 861 Omnes
884 796 949 882 pij,
975 794 1170 860 ardentissi·
1220 807 1342 874 torum,
1363 807 1397 860 et
1419 806 1525 882 agunt
1546 797 1674 882 gratias
1687 795 1823 862 Christo
1839 807 2008 882 protento
2031 797 2211 866 beneficio.

191 887 254 951 mis
288 887 376 951 rotis
409 905 430 948 a
457 881 532 950 Deo
589 895 680 948 etere
708 883 848 961 dehent,
880 892 915 944 vt
942 879 997 945 his
1018 881 1171 966 peccatis
1219 880 1270 946 lta
1292 882 1328 946 lit
1350 879 1528 966 applicatio
1554 882 1706 967 beneficij
1720 880 1855 962 Christi,
1879 902 1947 948 non
1970 895 2104 968 propter
2126 882 2212 951 alie-

193 968 531 1037 Ecclesialiberetur.
563 906 677 1057 Reges
700 988 817 1033 omnes
840 978 873 1031 et
891 966 1060 1052 Episcopi,
1084 967 1173 1031 omni
1220 988 1299 1033 num
1322 988 1420 1051 opus,
1442 968 1504 1034 sed
1531 989 1592 1052 pro
1618 970 1667 1032 ria
1696 969 1860 1055 cuiusque
1891 967 1975 1046 fide,
2003 981 2038 1035 et
2069 973 2211 1055 proprio

154 1098 157 1103 -
192 1058 304 1123 studio
327 1056 430 1121 anniti
452 1056 591 1132 debent,
617 1067 654 1120 vt
675 1056 739 1119 hac
761 1065 832 1120 tota
853 1054 1045 1120 conserite
1068 1050 1172 1139 expli·
1221 1074 1284 1119 vsu
1318 1053 1539 1132 sacrmenti,
1603 1075 1656 1119 am
1690 1075 1764 1119 cum
1798 1054 1862 1140 ipsi
1895 1056 2033 1135 vdmtn,
2065 1067 2211 1125 testatur

193 1155 281 1222 cata,
302 1152 504 1228 repurgetur
525 1138 692 1206 Ecclesia.
1160 1142 1164 1152 '
1220 1142 1295 1223 ipsa
1318 1138 1443 1205 Christi
1465 1140 1642 1220 ordinatio,
1664 1140 1753 1226 quod
1775 1142 1819 1206 ad
1841 1160 1905 1205 nos
1928 1142 2092 1225 pertineat
2105 1144 2210 1210 bens

277 1229 426 1296 Sextum.
464 1226 628 1293 institutio
651 1225 851 1293 sacramenti
872 1237 999 1312 pugnat
1020 1222 1171 1291 camillo
1220 1225 1333 1291 licium
1355 1222 1543 1313 Euangeli‘.
1587 1224 1678 1290 'l'alis
1702 1246 1784 1292 vsus
1813 1230 2016 1293 sacramenti
2038 1229 2115 1315 pius
2143 1240 2209 1310 est,

190 1317 311 1393 abusu,
328 1311 419 1391 Nihil
441 1314 526 1380 enim
549 1314 592 1378 de
617 1309 785 1378 oblatione
838 1333 875 1376 ro
903 1312 1051 1397 peccatis
1080 1313 1173 1378 riuo-
1220 1324 1254 1377 et
1271 1312 1443 1377 docendus
1466 1315 1498 1378 in
1552 1309 1698 1391 eclesiis,
1720 1314 1777 1398 qui
1799 1324 1832 1377 et
1853 1310 1999 1379 illustrat
2019 1315 2209 1383 doctrinam

191 1423 263 1468 rum
286 1412 320 1467 et
342 1411 547 1465 mortuorum
569 1400 789 1484 praecipitur,
807 1334 876 1463 Cea
898 1398 1115 1484 praecipitur,
1138 1408 1174 1464 vt
1222 1400 1264 1464 de
1281 1397 1359 1478 fide,
1385 1410 1419 1463 et
1442 1398 1484 1463 de
1505 1397 1734 1481 spiritualibus
1757 1399 1951 1485 exercicijs,
1969 1413 2002 1467 et
2024 1404 2114 1468 veris
2137 1399 2209 1467 cnl-

190 1498 363 1554 sumantur
384 1506 509 1571 corpus
526 1498 560 1551 et
582 1487 721 1572 sanguis
740 1482 884 1550 Domini.
927 1482 970 1549 Et
1000 1495 1038 1549 vt
1059 1484 1093 1548 id
1115 1482 1175 1549 fiat
1221 1484 1323 1562 tibus,
1346 1496 1379 1550 et
1400 1481 1509 1550 adfert
1541 1485 1605 1570 pijs
1636 1484 1853 1570 conscicntijs
1882 1487 2051 1572 ingentem
2085 1509 2209 1555 conso·

189 1575 234 1641 ad
273 1572 541 1638 recordationem
585 1569 738 1656 benefieij
779 1568 915 1637 Christi.
970 1569 1172 1635 Recordatio
1220 1567 1390 1649 lationem,
1413 1582 1448 1634 et
1465 1572 1562 1659 erigit
1592 1570 1701 1635 fidem.
1746 1570 1834 1637 Ante
1862 1569 1948 1636 haec
1975 1584 2142 1659 tempora,
2164 1575 2209 1642 de

190 1669 299 1726 autem
323 1657 502 1744 significat,
525 1677 594 1723 non
616 1656 761 1744 aliquam
782 1668 910 1722 tantum
938 1653 1103 1722 historiae
1124 1678 1174 1721 re·
1222 1678 1287 1721 vsu
1310 1660 1515 1722 sacramenti
1531 1654 1633 1744 longe
1655 1654 1751 1722 aliter
1781 1657 1989 1725 docebantur
2015 1658 2205 1731 Ecclesiae.

212 1746 472 1811 resentationem
494 1742 586 1809 velut
606 1746 642 1808 in
659 1739 868 1828 spectaculo,
890 1743 978 1808 sicut
1008 1744 1175 1808 somniant
1221 1741 1311 1807 Nihil
1333 1745 1595 1827 proponebatur,
1620 1744 1684 1809 nisi
1706 1745 1798 1829 quod
1819 1742 1887 1809 hoc
1909 1766 1994 1831 opus
2017 1743 2208 1814 fodendum

228 1834 258 1910 l,
287 1833 342 1916 qui
376 1828 556 1896 defendunt
573 1832 723 1895 meritum
746 1849 788 1893 ex
810 1847 911 1912 opere
932 1840 1083 1914 operato,
1105 1828 1174 1893 Sed
1222 1842 1323 1894 esset.
1372 1828 1427 1894 De
1459 1828 1542 1910 lide,
1573 1830 1615 1894 de
1646 1827 1877 1895 consolatione
1911 1832 2207 1915 conscientiarum,

190 1917 358 2004 significat
379 1917 446 1981 fide
464 1916 636 1984 recordari
655 1916 910 2002 promissionem
922 1927 955 1979 et
968 1914 1174 1994 beneficium,
1220 1935 1320 1980 nemo
1342 1916 1520 2001 quidquam
1545 1917 1712 1982 monebat.
1746 1915 1789 1979 Et
1812 1918 2020 1982 vexabantur
2030 1920 2206 1985 eonscien-

190 2000 360 2070 consolari
382 2003 632 2082 conscientiam,
654 2014 687 2066 et
708 2002 832 2088 gratias
861 2021 964 2087 agere
986 2022 1048 2087 pro
1080 2012 1174 2066 tauto
1221 2002 1286 2067 tiae
1308 2002 1484 2067 immodica
1506 2002 1677 2089 diligentia
1689 1997 1925 2081 confessionis,
1937 2003 2033 2069 Hane
2042 2007 2207 2088 putabant

189 2089 363 2156 beneficio.
410 2086 609 2174 Principalis
632 2090 719 2154 enim
743 2107 848 2153 causa
869 2088 1086 2152 institutionis
1108 2099 1174 2167 est,
1221 2089 1399 2174 puritatem
1411 2106 1499 2160 esse.
1511 2109 1610 2174 quam
1621 2088 1759 2173 requirit
1770 2086 1998 2174 Euangelium,
2010 2110 2087 2156 cum
2097 2090 2207 2157 Euan·

189 2191 225 2242 vt
246 2175 333 2242 fides
355 2175 399 2240 ibi
429 2177 591 2242 excitetur
619 2185 652 2240 et
685 2184 899 2253 exerceatur,
927 2193 1003 2240 cum
1032 2173 1099 2239 hoc
1126 2174 1173 2258 pi·
1222 2173 1345 2261 geliurn
1359 2175 1505 2259 requirat
1517 2195 1635 2241 verum
1652 2176 1815 2250 timorem,
1827 2187 1861 2239 et
1872 2197 1986 2241 verum
1996 2175 2209 2256 fiduetamet

189 2282 277 2351 gnus
302 2261 429 2349 gratiae
442 2263 635 2348 accipimus.
666 2258 823 2325 Preterea
844 2261 1006 2326 institutio
1029 2261 1173 2338 ordinat,
1222 2280 1286 2327 vsu
1296 2257 1393 2326 huius
1405 2261 1606 2325 sacramenti
1629 2281 1692 2325 nos
1710 2256 2008 2338 consolatur,vthi
2027 2262 2208 2348 quipoeni·

188 2363 224 2414 vt
246 2349 306 2413 fiat
328 2349 594 2427 communicatio,
616 2345 684 2412 hoc
706 2357 771 2426 est,
792 2358 828 2411 vt
839 2347 979 2410 ministri
997 2342 1174 2412 Ecclesiae
1222 2348 1357 2412 tentiam
1381 2358 1497 2433 agunt,
1520 2347 1661 2412 credant
1684 2357 1776 2412 certo
1795 2365 1835 2411 se
1856 2346 1983 2414 habere
2000 2346 2113 2414 Deum
2128 2370 2207 2434 pro·

65 2462 72 2473 ·
212 2435 363 2519 orrigant
386 2434 485 2499 etiam
507 2431 584 2519 alijs
607 2452 731 2516 eorpus
753 2443 786 2498 et
809 2432 1007 2520 sanguinem
1028 2432 1173 2498 Domini.
1221 2433 1343 2518 picium
1365 2444 1503 2517 propter
1536 2431 1723 2512 Christum,
1760 2433 1888 2498 etiamsi
1918 2444 2038 2501 natura
2063 2433 2208 2515 infirma,

188 2457 232 2585 Et
252 2521 343 2587 bunc
364 2540 489 2584 morem
512 2529 681 2585 seruatum
705 2537 782 2583 esse
812 2519 844 2581 in
874 2519 1037 2604 principio
1058 2515 1174 2584 Eccle·
1222 2530 1255 2586 et
1277 2518 1442 2583 immunda
1465 2532 1529 2599 est,
1553 2519 1679 2584 etiamsi
1703 2519 1787 2584 hacc
1808 2532 1926 2585 nostra
1948 2518 2107 2591 inchoata
2126 2523 2207 2588 obe·

64 2677 73 2699 .
188 2594 656 2686 siae,testatur1’aulus'ad
684 2603 898 2683 Corinthios,
927 2608 983 2691 qni
1013 2605 1175 2691 praecipit
1222 2605 1345 2672 dientia
1373 2603 1494 2689 procul
1521 2607 1620 2670 abest
1647 2626 1668 2669 a
1695 2602 1903 2689 perfectione
1930 2604 2027 2695 legis.
2073 2605 2127 2672 Ex
2155 2604 2208 2673 his

190 2694 307 2770 etiarn,
340 2702 376 2757 vt
409 2688 464 2777 alij
494 2689 580 2756 alios
615 2703 809 2775 expectent,
838 2702 874 2755 vt
902 2690 960 2756 fiat
988 2692 1173 2756 communis
1222 2692 1376 2757 omnibus
1395 2690 1477 2755 satis
1500 2688 1605 2776 liquet
1626 2690 1768 2758 Missam
1796 2692 1884 2776 apud
1914 2713 1996 2773 nos,
2026 2694 2209 2760 conuenire

190 2778 409 2865 participatio.
1222 2798 1298 2844 eum
1319 2776 1528 2843 institutione
1549 2776 1687 2858 Christi,
1711 2789 1745 2844 et
1770 2777 1836 2843 ritu
1864 2779 1991 2862 primae
2018 2776 2224 2860 Ecclesiae,

277 2861 461 2929 Patefactis
500 2865 603 2950 igitur
644 2864 804 2929 abusibus
843 2865 995 2949 priuatae
1032 2862 1172 2944 Missae,
1220 2865 1275 2929 Ad
1297 2861 1383 2928 haec
1405 2860 1550 2930 illustrat
1572 2864 1714 2930 maxime
1737 2884 1853 2930 verum
1874 2884 1973 2932 vsum
1995 2865 2208 2933 sacramenti.

190 2951 269 3038 qnia
290 2960 322 3014 et
344 2946 525 3034 pleraeque
547 2969 664 3014 omnes
687 2949 814 3015 fiebant
836 2963 973 3034 propter
999 2949 1092 3015 illam
1115 2970 1173 3035 ap·
1221 2949 1416 3016 Huiusmodi
1437 2952 1621 3016 communis
1642 2948 1752 3016 Missa
1772 2951 1835 3016 fuit
1855 2952 1890 3015 in
1913 2954 2020 3020 veteri
2040 2949 2176 3019 Ecclea’

109 3034 112 3039 ’
188 3033 401 3123 plicationem
435 3056 497 3121 pro
525 3040 676 3121 peccatis
704 3034 861 3114 aliorum,
891 3051 925 3102 et
953 3058 1021 3102 non
1050 3055 1174 3104 conue-
1221 3048 1257 3102 vt
1280 3034 1544 3123 Chrysostomus
1568 3047 1723 3116 testatur,
1746 3037 1801 3122 qui
1829 3039 1896 3116 ait,
1922 3040 2135 3106 sacerdotem

187 3124 282 3188 niunt
301 3143 376 3187 cum
398 3124 606 3189 institutione
627 3121 773 3202 Christi,
796 3123 967 3188 desierunt
989 3124 1022 3188 io
1045 3123 1173 3187 nostris
1221 3120 1327 3190 altare
1348 3134 1456 3202 stare,
1487 3134 1520 3188 et
1541 3121 1626 3188 alios
1648 3124 1692 3188 ad
1723 3125 1989 3190 communionem
2016 3146 2208 3206 accersere,

188 3208 366 3276 Ecclesiis.
411 3208 473 3273 Est
494 3222 605 3274 antem
627 3211 776 3275 instituta
799 3227 864 3273 vna
887 3210 1071 3276 communis
1093 3207 1174 3274 Mis·
1221 3206 1309 3274 alios
1331 3229 1411 3275 vero
1435 3228 1565 3275 arcere.
1608 3208 1652 3274 Et
1674 3229 1717 3274 ex
1737 3210 1886 3276 Nicenac
1904 3210 2032 3297 Synodi
2058 3213 2207 3279 decretis

190 3314 242 3374 sa,
264 3296 356 3360 iuxta
378 3293 503 3360 Christi
525 3296 778 3374 ordinationem,
799 3295 834 3359 in
856 3314 922 3382 qua
943 3307 1099 3380 pastores
1110 3294 1174 3359 Ec·
1221 3309 1378 3380 apparet,
1407 3316 1509 3362 vnum
1538 3294 1684 3382 aliquem
1711 3295 1905 3363 celebrasse
1937 3296 2140 3385 Liturgism,
2172 3296 2215 3366 rt'

120 3399 124 3405 ·
189 3376 369 3449 elesiarum
398 3399 616 3460 consecrant,
646 3392 797 3458 sumunt,
828 3392 862 3445 et
887 3382 1064 3468 porrigunt
1096 3379 1173 3446 ali's
1222 3382 1337 3468 graeci
1375 3394 1520 3461 vocant,
1556 3385 1612 3468 qui
1653 3385 1793 3448 caeteris
1831 3384 1985 3450 omnibus
2021 3384 2209 3471 porrexerit

189 3478 436 3534 sacramentum
459 3488 521 3533 cor
544 3467 614 3532 oris
636 3478 671 3532 et
692 3467 866 3554 sanguinis
894 3466 1039 3548 Christi,
1061 3468 1105 3533 Et
1136 3404 1175 3533 dt
1223 3487 1347 3552 corpus
1381 3479 1414 3531 et
1452 3472 1649 3556 sanguinem
1672 3467 1817 3534 Domini.
1871 3468 1966 3537 Ilaec
2007 3472 2095 3536 enim
2127 3480 2209 3539 sunt

190 3552 268 3619 talis
291 3552 396 3619 Missa
418 3489 561 3640 singulis
582 3549 689 3640 ferijs,
711 3566 812 3639 atque
834 3552 911 3640 alijs
929 3556 1027 3621 etiam
1045 3556 1173 3636 diebuS,
1222 3557 1327 3620 verba
1351 3555 1483 3619 decreti.
1528 3555 1705 3639 Accipient
1732 3554 1876 3622 Diaconi
1909 3557 2094 3624 secundum
2120 3556 2208 3624 ordi·

191 3641 276 3727 siqui
309 3637 411 3706 velint
438 3643 485 3705 vti
514 3651 738 3706 sacramento.
788 3638 861 3706 Nec
888 3642 1104 3708 admittuntur
1130 3643 1174 3706 ad
1223 3662 1299 3706 nem
1320 3652 1400 3725 post
1421 3640 1641 3728 presbyteros
1664 3644 1706 3706 ab
1729 3639 1914 3728 Episcopo,
1937 3641 1995 3711 vel
2021 3664 2044 3709 a
2062 3644 2206 3732 presby·

192 3728 473 3807 communionem,
496 3728 560 3792 nisi
583 3738 683 3793 antea
711 3724 887 3811 explorati.
932 3727 1112 3794 Adduntur
1141 3738 1175 3792 et
1223 3739 1297 3792 tero
1338 3747 1472 3791 sacram
1513 3729 1787 3795 communionem.
1842 3727 1906 3794 llic
1945 3733 2068 3796 diserte
2109 3730 2207 3817 ipsos

191 3814 372 3883 conciones
394 3815 487 3898 piae,
516 3814 604 3879 sicut
630 3810 787 3878 Christus
809 3813 976 3898 precepit,
1003 3825 1040 3879 vt
1071 3813 1174 3879 habe·
1223 3815 1442 3901 presbyteros
1457 3816 1502 3887 ²⁸)
1533 3814 1579 3890 ait
1607 3816 1762 3901 accipere
1788 3828 2034 3882 sacramentum
2060 3817 2104 3882 ab
2137 3834 2206 3882 vno

189 3909 289 3967 entur
322 3901 505 3964 conciones
536 3920 610 3963 curn
643 3899 728 3965 haec
769 3899 959 3966 ceremonia
997 3909 1171 3965 tractatur.
1224 3900 1368 3987 quodam
1401 3901 1605 3984 porrigente.
1649 3900 1722 3966 Nec
1744 3901 1894 3984 priuatae
1916 3901 2042 3968 Missae
2073 3899 2145 3968 vlla
2169 3900 2208 3969 tit

188 3983 232 4050 Et
253 3987 287 4049 in
305 3984 359 4049 bis
378 3985 608 4057 concionibus,
631 3992 707 4050 cum
731 3986 773 4049 de
802 3985 945 4050 caeteris
966 3983 1118 4050 articulis
1141 3997 1174 4051 et
1223 3987 1356 4065 mentio,
1378 3999 1455 4050 ante
1476 3985 1631 4072 Gregorij
1655 4000 1816 4071 tempora,
1836 3988 1906 4055 Sed
1918 3990 2049 4074 quoties
2070 4000 2205 4055 veteres

188 4077 357 4157 preceptis
389 4069 564 4156 Euangelij
600 4068 777 4156 diligenter
814 4071 977 4136 docentur
1011 4071 1174 4152 homines,
1224 4073 1265 4137 de
1288 4070 1395 4137 Missa
1416 4069 1611 4157 loquuntur,
1633 4084 1774 4159 apparet
1801 4096 1862 4140 eos
1894 4075 1935 4139 de
1962 4095 2028 4139 vua
2061 4077 2206 4161 quadam

188 4167 259 4223 tum
281 4159 379 4222 etiam
402 4159 647 4236 admonentur,
680 4157 723 4221 ad
746 4176 845 4242 quem
872 4178 968 4222 vsnm
989 4159 1174 4225 institutum
1223 4159 1387 4224 communi
1420 4156 1527 4224 Missa
1558 4155 1659 4244 loqui·
1714 4158 1798 4225 Cum
1830 4162 1930 4247 igitur
1959 4158 2087 4227 Missae
2119 4162 2205 4227 ritus

189 4243 233 4308 sit
254 4253 513 4323 sacramentum,
536 4240 710 4323 videlicet,
732 4264 800 4308 non
823 4246 913 4328 quod
941 4264 983 4308 ex
1011 4248 1173 4328 opere²¹i
1198 4266 1242 4331 ‚a
1268 4246 1312 4310 ud
1333 4263 1397 4309 nos
1419 4241 1540 4326 habeat
1569 4248 1780 4312 autoritatem
1800 4250 2006 4332 scripturae,
2034 4258 2069 4312 et
2093 4267 2204 4314 erem·

188 4343 327 4413 operato
360 4340 526 4394 mereatur
554 4330 602 4393 eis
636 4330 867 4396 remissionem
880 4333 927 4412 ²2)
958 4342 1175 4415 peccatorum
1221 4267 1314 4416 pium
1336 4330 1460 4396 veteris
1482 4329 1669 4410 Ecclesiae,
1693 4344 1726 4398 et
1747 4343 1873 4399 tantum
1894 4329 2123 4401 intolerabiles
2134 4333 2205 4439 qul-

189 4413 277 4482 haec
299 4417 502 4496 ceremonia,
525 4414 593 4481 Sed
621 4418 711 4503 quod
734 4428 981 4483 sacramentum
1009 4417 1053 4481 sit
1080 4419 1174 4483 testi·
1222 4419 1298 4481 dam
1319 4418 1447 4481 abusus
1469 4418 1590 4483 abiecti
1612 4420 1692 4498 sint,
1714 4418 1897 4504 Speremus
1920 4440 1989 4483 non
2018 4439 2124 4505 posse
2146 4440 2205 4485 rm·

188 4506 347 4583 monium,
371 4505 416 4568 sit
437 4504 572 4590 pignus,
594 4524 661 4589 quo
674 4498 829 4569 Christus
852 4514 992 4568 testetur
1014 4522 1053 4568 se
1074 4504 1173 4570 nobis
1221 4503 1355 4588 probari
1377 4515 1569 4569 nostrarum
1591 4503 1820 4572 Ecclesiarum
1842 4527 1978 4572 morem.
2024 4504 2138 4572 Ceteri
2161 4505 2205 4571 ti·

189 4602 341 4674 prestare
371 4592 555 4675 promissa,
589 4601 622 4655 et
653 4589 743 4674 quod
794 4590 1011 4654 romissiones
1038 4590 1082 4655 ad
1110 4610 1174 4654 nos
1221 4602 1275 4655 tus
1297 4590 1470 4673 adiaplrori
1492 4610 1616 4676 magna
1638 4612 1680 4656 ex
1701 4606 1796 4678 parte
1817 4594 1939 4658 vsitato
1961 4610 2203 4658 moreseruen-

78 4696 86 4709 ·
189 4677 396 4760 pertineant,
430 4677 519 4764 quod
545 4674 700 4741 Christus
735 4696 753 4742 e
800 4677 889 4741 ibeat
919 4676 1017 4741 nobis
1049 4696 1173 4762 corpus
1221 4685 1285 4754 tur,
1308 4675 1377 4741 Sed
1399 4695 1557 4741 numerus
1580 4676 1756 4743 missarum
1778 4674 1949 4744 dissimilis
1972 4690 2034 4744 est.
2051 4682 2094 4756 ¹⁰)
2129 4677 2206 4744 Neo

187 4777 299 4839 suum,
321 4775 358 4826 vt
379 4772 521 4828 testetur
542 4781 582 4828 se
607 4761 641 4826 in
664 4763 764 4827 nobis
793 4759 964 4827 efficacem
993 4782 1072 4827 esse
1101 4775 1173 4827 tan·
1222 4758 1299 4826 olim
1321 4762 1355 4826 in
1377 4760 1543 4827 Ecclesiis
1563 4760 1845 4848 frequentissimis
1866 4764 1968 4833 fiebat
1981 4766 2027 4843 ²⁴)
2079 4763 2207 4830 uotidie

189 4866 289 4933 quarn
321 4848 356 4910 in
383 4848 541 4913 urembris
574 4848 664 4918 suis,
693 4846 858 4913 Exhibeat
890 4849 1105 4934 sanguinem,
1137 4860 1174 4913 vt
1220 4845 1340 4927 Missa,
1362 4860 1398 4913 vt
1421 4860 1564 4914 testatur
1585 4849 1726 4915 historia
1748 4851 1911 4936 tripartita
1932 4848 2032 4918 1ἰ1).9.
2054 4786 2205 4939 dapes

189 4943 331 4999 testetur
362 4950 428 4996 nos
460 4930 553 4997 ablui
580 4934 745 5018 sanguiue
778 4953 852 4999 suo.
895 4932 1042 5001 Prodest
1073 4935 1174 5022 igitur
1220 4933 1352 5002 Rursus
1374 4947 1486 5001 autem
1507 4934 1542 5000 in
1564 4931 1783 5018 Alexandria,
1797 4951 1925 5025 ‘quarta
1948 4949 1982 5004 et
2002 4948 2099 5004 sexta
2119 4933 2208 5004 feris

188 5031 435 5083 sacramentum
462 5018 534 5097 his,
561 5020 618 5104 qni
640 5032 750 5106 'agunt
779 5022 1033 5106 poenitentiam,
1066 5022 1174 5087 stibi

1218 5264 1267 5330 23)
1285 5262 1463 5334 presbyteros]
1480 5264 1531 5317 Ed.
1548 5264 1574 5320 S.
1593 5271 1647 5334 tyn.
1666 5280 1762 5318 «roret
1779 5264 1939 5332 presbiteros

188 5325 238 5393 21)
255 5325 350 5393 apen]
366 5326 418 5380 M
437 5327 535 5399 &itta
553 5347 651 5384 ww
670 5345 752 5397 ocor·
848 5337 850 5341 ’
1217 5351 1267 5417 24)
1284 5348 1340 5401 aa
1357 5350 1420 5401 orm
1437 5352 1466 5402 u
1487 5349 1561 5402 nec.
1585 5350 1653 5417 oq.
1677 5348 1767 5420 aean]
1790 5353 1828 5403 a·
1849 5352 1932 5406 aare
1954 5353 1981 5406 a.
2003 5351 2047 5416 aa
2068 5349 2155 5404 aaa
2180 5353 2210 5410 r.

187 5412 238 5480 Ὦ)
255 5412 448 5484 umorem]
465 5417 504 5468 ris
518 5417 569 5468 Ed.
587 5418 628 5480 la
645 5416 696 5470 Ed.
714 5417 756 5472 az
774 5416 896 5469 unieris
1287 5417 1330 5476 Aa
1346 5417 1416 5473 Mam
1432 5419 1496 5474 cllrn
1512 5420 1593 5475 etlam
1610 5421 1640 5474 io
1657 5421 1783 5489 Bedesijr
1799 5420 2016 5489 frequentiuiam
2033 5422 2193 5477 nonhabet
