4808 6204
637 393 639 397 ·
714 373 1856 468 rammasc'rrrrrnocronrrcnuramrnorrcn,
2217 399 2284 477 ιιι

421 591 457 654 ln
479 590 532 653 bis
552 590 661 652 decem
676 589 771 659 ¹libris
792 611 837 652 nr.
861 595 976 653 4—13.
1000 591 1163 652 recensitis
1180 591 1288 672 integri
1310 594 1348 653 15
1366 588 1484 653 articuli
1506 587 1679 653 adamatur.
1761 598 1764 605 '

379 814 392 878 ¹
421 727 547 879 grueter
563 728 742 833 bas’varias
752 727 915 791 Editiones
938 726 1130 790 articulomm
1147 726 1252 809 lingnn
1263 726 1444 790 Germaniae
1462 729 1630 809 superioris
1652 726 1833 807 scriptorum
1855 726 2069 793 munerandae
2091 735 2164 791 sunt
2180 748 2284 790 eornm

263 825 373 884 trans
396 834 417 879 a
457 832 551 877 ones

421 1027 449 1068 a.
471 1007 502 1067 in
525 1003 690 1085 lingnam
710 1002 941 1065 Germaniae
962 1001 1180 1065 inferioris.

421 1175 509 1240 Haec
527 1175 687 1239 translatio
709 1175 869 1255 inscripta:

474 1297 546 1363 uun
570 1299 614 1374 tid
631 1297 670 1359 t).
690 1298 782 1359 ilicet.
801 1296 903 1374 turbet
922 1313 957 1359 rr.
976 1304 1033 1369 mot
1051 1295 1178 1368 bubalo!
1195 1297 1341 1372 gulosita
1359 1312 1393 1357 rc.
1411 1297 1457 1357 brt
1475 1296 1675 1373 tnibtedrtigrn
1694 1295 1809 1359 btttdei
1826 1295 1943 1370 toturn,
1962 1299 2112 1377 praeminet
2136 1299 2204 1361 arbe
2221 1312 2286 1362 oon·

517 1386 588 1457 uret.
607 1397 641 1456 op
659 1389 706 1445 brt
725 1382 915 1446 donuocutiru
933 1381 981 1459 tio
1001 1383 1148 1460 iustiora.
1168 1384 1215 1445 bet
1233 1383 1356 1445 brtbben
1374 1382 1459 1459 bogrt
1476 1380 1614 1447 Octobris
1633 1383 1678 1443 ur.
1693 1381 1854 1452 888311.
1873 1382 1958 1458 (sine
1974 1379 2036 1442 loci
2054 1388 2087 1444 et
2103 1383 2285 1465 typographi

516 1468 651 1546 nomine)
675 1471 695 1526 4
717 1465 783 1528 ioll.
804 1471 841 1529 8⁰
863 1465 930 1544 (iol.
951 1469 983 1528 1b
1004 1487 1074 1548 sqq.
1101 1473 1181 1528 cont.
1208 1471 1247 1529 15
1271 1463 1416 1527 articulos
1438 1465 1486 1525 sic
1508 1465 1692 1546 inscriptos:
1715 1467 1811 1545 Deflet
1829 1470 1910 1544 biano
1929 1473 2081 1546 gelacourt
2100 1471 2204 1534 tituta
2221 1471 2287 1551 bri·
2309 1524 2314 1529 .

515 1558 567 1619 ben
584 1556 628 1632 litt
645 1559 675 1618 be
697 1555 743 1633 bit
761 1558 845 1620 cubet
864 1558 1016 1632 gelrbteurn
1037 1555 1083 1629 tbo
1103 1557 1241 1632 iliorbnrq
1263 1556 1404 1618 totiitent.
1424 1553 1465 1627 ili.
1491 1553 1628 1617 Dotobrlt
1647 1553 1730 1617 tiano
1749 1554 1856 1623 8888.
1874 1553 2004 1614 Articuli
2023 1558 2097 1616 8—
2113 1558 2161 1618 12.
2183 1561 2216 1616 et
2235 1560 2285 1621 15.

515 1640 631 1703 babent
650 1637 825 1721 peculiares
849 1640 1072 1722 inscriptiones.
1117 1637 1150 1699 ln
1169 1639 1228 1702 fine
1251 1638 1359 1700 decem
1377 1635 1609 1720 'l'beologorum¹
1626 1640 1748 1699 nomina
1769 1640 1947 1721 subscripta
1969 1645 2067 1719 suut.)

135 1778 138 1784 ·
264 1760 348 1824 edita
364 1766 415 1823 est
431 1781 450 1821 a
471 1759 548 1823 lob.
573 1758 694 1822 Gottl.
718 1758 895 1820 Waltero
914 1760 944 1819 in
966 1757 988 1818 l.
1013 1762 1154 1839 &aptante
1172 1763 1227 1824 unt
1246 1761 1398 1837 oetieilettr
1419 1760 1594 1835 btoqtiuten
1614 1773 1667 1823 oon
1685 1762 1736 1824 ben
1753 1762 1850 1840 8eqten
1862 1762 1969 1840 &boten
1988 1765 2043 1824 nub
2056 1763 2288 1839 tetrntqelrbidp·
2305 1774 2334 1809 ¹¹·

264 1856 310 1914 ten
328 1850 375 1912 bet
395 1851 490 1928 leliqua
509 1848 549 1910 u.
567 1848 684 1924 nurnero
703 1846 791 1927 (lieno
814 1850 905 1909 1749.
925 1848 976 1921 4⁰)
999 1843 1035 1906 P.
1052 1842 1074 1907 l.
1093 1851 1170 1906 sect.
1186 1851 1214 1906 1.
1237 1864 1265 1905 c.
1280 1847 1307 1906 2.
1330 1865 1361 1926 p.
1375 1847 1512 1907 28-33.
1532 1844 1693 1926 adscriptis
1716 1847 1903 1908 variantibus
1924 1845 2109 1908 lectionibus
2131 1845 2286 1911 Editionis

263 1931 406 1997 lenensis
427 1932 565 2015 Opemm
592 1931 720 1994 Lutberi
748 1937 839 2012 atque
872 1929 1004 2013 exempli
1033 1933 1063 1992 in
1092 1931 1264 2013 Hottingeri
1286 1931 1423 1996 Historia
1445 1930 1659 1992 ecclesiastica
1695 1933 1806 1994 reensi.
1860 1932 1969 1994 Editor
2008 1940 2109 1994 tamen
2141 1953 2178 1994 eo
2197 1940 2286 2008 errat,

263 2020 348 2103 quod
368 2041 399 2102 p.
424 2023 475 2082 27.
494 2021 642 2101 opinatur,
666 2018 743 2080 banc
764 2016 995 2079 translationem
1013 2038 1088 2079 esse
1111 2015 1329 2098 autographum
1347 2015 1499 2097 'l'beologi
1517 2015 1670 2079 Helvetici
1692 2039 1731 2080 ex
1753 2018 1816 2080 illis
1839 2019 1869 2079 in
1891 2022 1951 2079 line
1964 2019 2071 2081 borum
2089 2019 2284 2082 articulorum

118 2119 125 2133 ⁸
213 2173 215 2177 ,
263 2106 462 2190 subscriptio,
486 2107 537 2187 qui
560 2124 617 2166 eos
638 2126 697 2167 suo
716 2104 861 2166 idiomate
883 2104 1051 2187 scripserit,
1068 2104 1100 2166 id
1122 2104 1206 2186 quod
1226 2105 1286 2167 iam
1304 2104 1453 2166 Hiederer
1473 2103 1495 2164 l.
1514 2103 1535 2164 l.
1560 2102 1594 2165 Τ.
1612 2101 1666 2173 [V.
1687 2125 1719 2186 p.
1739 2106 1801 2167 426
1820 2125 1868 2185 sq.
1891 2103 2041 2168 refutavit.

419 2295 453 2365 b.
475 2297 505 2355 in
528 2293 695 2374 linguam
717 2291 886 2354 latinam.

421 2461 455 2526 ln
477 2464 558 2527 banc
578 2461 713 2543 linguam
735 2460 872 2524 translati
894 2461 927 2523 bi
949 2460 1067 2524 articuli
1086 2462 1265 2525 exhibentur
1286 2465 1316 2524 in
1333 2463 1423 2525 bisce
1444 2463 1546 2526 libris:

474 2591 503 2647 1.
522 2585 552 2645 in
574 2582 671 2644 Pbil.
693 2580 1014 2645 Melancbtbonis
1037 2577 1187 2644 Consiliis
1220 2584 1289 2645 sine
1318 2580 1443 2646 indiciis
1471 2584 1656 2665 theologicis
1686 2592 1744 2648 etc.
1772 2585 1911 2648 collectis
1939 2593 1972 2647 et
1997 2585 2090 2648 editis
2117 2583 2221 2647 studio
2250 2592 2285 2649 at

514 2689 607 2751 opera
625 2666 852 2751 Christopb.
871 2666 1020 2730 Perelii
1043 2667 1219 2748 (Naustadii
1242 2669 1324 2751 apud
1342 2670 1493 2732 haeredes
1511 2671 1610 2735 Wilb.
1632 2671 1775 2735 Harnisii.
1798 2673 1842 2735 M.
1855 2669 1924 2737 Dc,
1943 2677 1994 2751 8⁰)
2016 2692 2044 2752 p.
2059 2673 2207 2744 82-86.,
2229 2672 2283 2733 ubi

517 2761 556 2818 14
574 2754 691 2817 articuli
713 2754 955 2838 Marpurgenses
978 2756 1110 2835 (omisso
1132 2755 1259 2818 articulo
1281 2754 1381 2830 xlv.
1400 2765 1582 2840 quapropter
1598 2757 1745 2820 naeuius
1767 2757 1843 2823 XV.
1866 2761 2002 2840 signatur
2029 2758 2168 2820 decimus
2197 2777 2283 2839 quar·

512 2845 579 2922 tus)
596 2841 693 2904 latine
714 2848 923 2923 proponuntur
940 2841 988 2902 sic
1010 2842 1163 2923 inscripti:
1183 2841 1300 2924 Capito
1323 2842 1364 2905 de
1385 2845 1496 2926 qtribus
1513 2847 1658 2908 conuenit
1674 2845 1845 2927 Morpnrpi
1864 2848 1948 2908 inter
1970 2845 2014 2906 1).
2035 2842 2221 2915 Lutlrerrnn,
2248 2850 2281 2905 ct

511 2928 587 2991 truc
609 2928 795 2991 ouranos:
818 2925 863 2988 Et
887 2926 1165 3009 Oecolcrnpodium
1186 2936 1218 2991 ct
1239 2929 1429 3012 Ζιιίιιρῖίιιιιι,
1447 2938 1479 2993 ct
1499 2933 1555 3013 qni
1572 2952 1640 2994 cunr
1661 2929 1712 3009 Iris
1729 2933 1866 3010 filerunt.
1893 2929 2024 2995 Articuli
2035 2930 2122 2997 Vlll·
2146 2929 2202 2996 IX·
2221 2928 2278 2996 XI.
2360 2967 2367 2977 x

510 3012 583 3081 ΧΠ.
605 3023 638 3077 et
653 3014 727 3080 XV.
746 3014 791 3097 (b.
810 3012 928 3078 lxlv.
948 3017 1043 3096 sign.)
1065 3014 1178 3078 babent
1198 3015 1371 3098 peculiares
1392 3018 1617 3100 inscriptiones.
2122 3015 2128 3021 “

469 3130 500 3191 2.
517 3129 548 3190 in
570 3126 769 3209 Rodolpbi
790 3126 1026 3209 llospiniani
1049 3125 1205 3191 Historiae
1221 3130 1475 3192 sacramentarius
1496 3127 1639 3197 Partsll.
1662 3128 1823 3210 (Genevae
1838 3134 1930 3193 1681.
1942 3127 2037 3206 Pol),
2061 3131 2091 3190 in
2105 3134 2278 3210 quap.119

512 3233 585 3296 sqq.
607 3214 647 3276 de
669 3213 823 3294 colloquio
836 3211 1051 3297 blarpnrgensi
1074 3214 1205 3295 eiusque
1222 3216 1301 3278 actis
1324 3213 1442 3288 dicitur,
1465 3223 1559 3297 atque
1569 3222 1614 3298 (p.
1630 3217 1690 3278 123
1703 3223 1791 3298 sqq.)
1813 3235 1934 3277 summa
1946 3216 2015 3276 eius
2033 3214 2225 3287 adscribitur,
2248 3221 2284 3278 nt
2367 3268 2377 3295 .

512 3308 564 3363 est
586 3321 605 3361 a
626 3299 829 3382 Hodolpbo
853 3296 1029 3373 (lollino,
1051 3299 1187 3362 Scbolae
1208 3299 1370 3383 ligurinae
1390 3299 1586 3374 Professore,
1610 3303 1662 3383 qni
1683 3310 1716 3364 et
1737 3304 1806 3383 ipsa
1829 3310 1898 3364 cum
1920 3301 2061 3382 Zninglio
2084 3300 2282 3380 Marpurgum

511 3386 679 3470 proiectus,
701 3386 858 3468 colloquio
880 3386 954 3449 buic
974 3386 1126 3461 interfuit,
1155 3388 1265 3450 eodem
1294 3394 1326 3450 et
1345 3387 1416 3451 loco
1434 3394 1467 3450 et
1488 3395 1625 3471 ternpore
1647 3389 1677 3450 in
1699 3390 1864 3450 memoriae
1885 3387 2059 3449 subsidium
2076 3387 2209 3447 breviter
2230 3405 2282 3447 ex·

511 3480 656 3622 ιιι
670 3470 953 3643 ιιιιι
969 3473 1520 3644 oq...
1545 3473 2280 3643 ..Ἣ

470 3677 501 3736 3.
519 3674 550 3734 in
571 3672 754 3735 Hnldrici
776 3672 949 3754 Zninglii
967 3674 1112 3756 operibus
1134 3696 1153 3735 a
1173 3671 1289 3736 ldelcb.
1307 3672 1457 3735 Scbulero
1481 3680 1516 3734 et
1534 3669 1576 3734 lo.
1595 3671 1815 3735 Sebultbessio
1834 3670 2010 3735 editisVol
2023 3670 2094 3744 lv..
2117 3669 2280 3751 qnodcon·

512 3760 590 3822 tinet
609 3759 771 3822 latinorum
793 3760 975 3842 scriptorum
998 3758 1120 3822 Partem
1139 3757 1175 3822 11.
1198 3757 1314 3837 (Turici
1338 3763 1432 3821 1841.
1454 3764 1491 3822 8⁰
1511 3759 1605 3838 mai),
1627 3760 1680 3822 ubi
1698 3779 1729 3841 p.
1745 3764 1804 3822 173
1817 3779 1888 3841 sqq.
1911 3758 1951 3821 de
1973 3756 2128 3837 colloquio
2146 3757 2281 3838 Marpur·

512 3847 602 3926 gensi
619 3846 784 3908 relationes
805 3844 900 3908 latine
918 3847 1051 3927 scriptae
1073 3866 1113 3907 ex
1134 3844 1189 3907 illo
1206 3845 1442 3928 llospiniani
1460 3844 1538 3907 libro
1562 3843 1758 3917 exhibentur,
1782 3852 1864 3928 etp.
1886 3851 1944 3909 181
1965 3864 2014 3926 sq.
2039 3843 2085 3905 illi
2107 3842 2176 3906 XV
2192 3843 2281 3905 Arti-

514 3932 579 3993 culi
599 3933 709 3993 iisdem
730 3934 838 3995 verbis
861 3932 956 3995 latine
977 3933 1150 4006 afferuntur,
1169 3933 1282 4013 quibus
1299 3953 1329 4014 p.
1345 3936 1404 3995 183
1417 3950 1466 4013 sq.
1488 3938 1580 3994 noue
1601 3932 1736 4014 Zuinglii
1759 3932 1798 3993 ad
1820 3953 1877 3995 eos
1894 3928 2031 3994 annesae
2052 3931 2142 4009 suntl

472 4046 502 4104 4.
521 4044 551 4104 in
569 4042 659 4105 Dav.
675 4041 870 4126 betraei
882 4043 1020 4106 Historia
1030 4045 1229 4127 Augustanos
1241 4041 1458 4106 consessionis
1471 4043 1580 4126 [latine
1591 4046 1730 4128 scriptaJ,
1742 4047 1772 4106 in
1784 4051 1911 4126 unaque
1921 4042 1981 4107 Ed.
1994 4062 2089 4124 supra
2098 4062 2129 4122 p.
2140 4045 2199 4103 103
2207 4059 2278 4121 sqq.

350 4140 354 4147 ·
513 4131 674 4202 recensita,
692 4150 723 4211 p.
738 4133 932 4203 tta-646..
955 4131 1007 4192 nbi
1028 4132 1077 4192 sic
1098 4131 1234 4213 inscripti
1252 4139 1339 4193 sont:
1363 4131 1415 4192 Dc
1435 4132 1631 4220 roqnmtr‘brrs
1653 4131 1798 4194 articulis
1817 4131 2013 4213 Morpnrpnc
2031 4130 2178 4190 conuenit
2197 4129 2282 4189 inter

513 4234 579 4296 cor,
595 4218 651 4297 qni
670 4217 796 4277 ιιοιιιίιια
817 4237 876 4278 mn
897 4217 1159 4299 subscripserunt,
1178 4218 1242 4279 Dis
1265 4223 1295 4281 3.
1319 4215 1477 4290 Octobr-ir,
1499 4217 1593 4280 Arato
1615 4221 1707 4283 1529.
1752 4216 1874 4299 Singuli
1896 4214 2015 4280 articuli
2032 4213 2144 4276 nnllam
2167 4212 2283 4276 babent

512 4304 757 4385 inscriptionem
779 4321 884 4365 eorum
908 4303 1048 4366 decimus
1072 4311 1199 4386 qnnrtns
1221 4304 1357 4367 omissus
1374 4312 1434 4389 est,
1452 4310 1637 4387 quapropter
1658 4304 1798 4366 decimus
1821 4305 1945 4384 quintus
1972 4307 2114 4381 tanquam
2142 4300 2282 4363 decimus

513 4395 640 4472 quartus
660 4391 806 4471 signatur.

473 4507 502 4567 n.
520 4504 549 4563 n
572 4500 716 4568 noran.
738 4501 920 4564 aourreu
942 4500 1107 4565 nonarum
1128 4501 1289 4584 Evangelii
1305 4501 1433 4564 norae
1454 4499 1491 4562 11.
1510 4453 1749 4583 (naarai...
1770 4499 1862 4565 roro.
1886 4500 1938 4575 oo)
1959 4517 1990 4580 p.
2003 4499 2202 4570 nro-raa..
2228 4498 2281 4559 ..ιι

515 4590 588 4652 item
609 4596 726 4651 tantum
740 4594 779 4651 14
792 4587 909 4651 articuli
932 4588 1113 4653 exbibentnr
1133 4590 1203 4651 sino
1224 4587 1288 4651 ulla
1309 4590 1529 4671 inscriptione),
1552 4594 1585 4650 et
1605 4588 1636 4648 in
1658 4584 1779 4648 Herm.
1801 4604 1873 4646 von
1897 4583 1966 4646 der
1985 4582 2107 4646 Hardt
2126 4582 2283 4646 Historiae

513 4672 666 4738 literariae
687 4674 927 4739 Reformationis
946 4673 1146 4755 (Francosurti
1168 4681 1201 4737 et
1220 4673 1348 4759 Lipsiae
1367 4680 1461 4738 1717.
1482 4672 1510 4739 F
1511 4674 1567 4754 ol.)
1588 4671 1682 4736 Parte
1702 4669 1756 4746 V..
1786 4690 1866 4752 quae
1893 4669 2024 4767 §culteti
2046 4669 2187 4734 Annales
2212 4690 2282 4732 cum

515 4760 634 4824 Hardtii
650 4760 874 4826 introductione
897 4782 936 4824 ex
953 4761 1036 4828 Edit.
1055 4761 1253 4843 Heidelberg.
1280 4765 1371 4826 1618.
1395 4761 1545 4833 continet,
1572 4761 1625 4823 ubi
1643 4780 1674 4842 p.
1690 4763 1749 4822 146
1762 4777 1809 4839 sq.
1830 4757 1923 4821 iidem
1944 4764 1984 4823 14
2001 4755 2117 4820 articuli
2140 4758 2223 4838 (sine
2239 4758 2282 4819 in·

516 4848 749 4929 scriptionibus)
771 4847 922 4930 leguntur.
944 4884 949 4888 -
1134 4882 1137 4889 .
1922 4916 1925 4921 ¹

474 4961 505 5022 6.
515 4978 553 5127 1¹,ss
569 4955 786 5108 iifflboiffr'
801 4957 1028 5042 Hottingeri
1049 4959 1206 5023 Historim
1233 4957 1466 5023 ecclesiasticas
1486 4955 1567 5020 Novi
1591 4955 1783 5021 Testamenti
1806 4955 1842 5025 Τ.
1862 4953 1930 5021 vlt
1959 4954 2077 5038 (ligari
2105 4957 2198 5018 1666.
2228 4957 2282 5033 8⁰)

474 5160 504 5224 7.
522 5158 552 5217 in
574 5154 654 5219 Viti
682 5154 824 5221 Luuov.
856 5176 877 5221 a
903 5150 1151 5220 Seclrendori
1179 5155 1404 5222 Commentario
1432 5158 1472 5220 de
1499 5155 1735 5221 Lutberanismo
1766 5154 1841 5235 (Ed.
1865 5157 1894 5217 2.
1927 5153 2057 5237 Lipsiae
2077 5155 2170 5218 1694.
2197 5149 2282 5233 Fol.)

515 5239 649 5305 Librill
666 5250 745 5309 sect.
759 5249 809 5308 17.
829 5243 853 5324 d.
868 5248 921 5306 47.
943 5264 973 5326 p.
994 5247 1078 5317 138,
1100 5244 1154 5306 ubi
1178 5249 1219 5307 14
1235 5243 1354 5309 articuli
1375 5247 1418 5307 ita
1438 5244 1620 5318 afferuntur,
1652 5251 1686 5307 ui
1707 5244 1847 5307 decimus
1870 5243 2005 5324 quintus,
2023 5240 2076 5321 qni
2096 5239 2127 5303 ln
2149 5237 2172 5302 l.
2201 5239 2281 5304 deci·

504 5348 587 5393 mus
608 5336 734 5413 quartus
757 5328 1084 5414 appellatorium,
1106 5336 1274 5394 ceterorum
1290 5349 1367 5419 ¹roro
1393 5336 1509 5401 1-13.
1529 5337 1644 5397 turtum
1665 5350 1785 5394 summa
1800 5328 1894 5393 nuno
1914 5333 2107 5412 proponatur.
