4786 6210
789 382 814 449 1.
859 382 901 450 Α.
932 381 1142 452 aomcoot
1162 381 1467 452 vtst'rartoros.

675 660 947 749 ARTIOULI
976 664 1052 747 DE
1084 663 1290 768 QUIBUS
1322 661 1584 749 EGERUNT

763 833 825 900 per
846 811 1048 879 visitatores
1070 814 1102 879 in
1125 816 1263 901 regione
1286 813 1509 892 Saxouiae.⁶)

195 986 373 1054 'Pastorea
401 985 522 1050 debent
550 930 735 1070 exempluln
758 981 885 1051 Christi
906 985 1018 1071 sequi,
1048 985 1105 1071 qul
1156 983 1316 1052 Abrahae
1337 985 1460 1065 dicere,
1476 987 1518 1063 ιι)
1540 984 1630 1071 quod
1651 987 1749 1064 sciat,
1774 1006 1850 1051 eum
1868 986 1939 1052 cius
1953 986 2003 1051 rei
2021 1005 2145 1054 memo·

126 1075 281 1230 pannium
311 1071 544 1157 poenitentiam
569 1082 604 1136 et
627 1071 857 1136 remissionem
890 1083 1105 1155 peccatorum
1156 1072 1239 1137 riarn
1260 1072 1532 1137 transmissurum
1554 1091 1634 1136 esse
1648 1072 1692 1136 ad
1708 1082 1880 1157 posterae,
1903 1075 2144 1140 utcustodiaut

150 1164 292 1238 ocuit,⁷)
326 1159 450 1222 debent
470 1170 503 1223 ct
523 1159 590 1222 ista
611 1170 767 1241 pastores
789 1158 965 1234 tradere⁸)
995 1153 1105 1223 eccle·
1157 1159 1244 1225 viam
1265 1155 1411 1235 Domini,
1439 1156 1483 1222 Et
1504 1155 1601 1224 Mose
1629 1159 1742 1242 praeci

126 1251 197 1315 siis.
230 1246 329 1312 Nunc
352 1240 492 1329 vulgare
515 1254 567 1307 est
588 1241 776 1309 vociferare
788 1246 816 1319 ⁹)
839 1241 979 1318 deiide,
1002 1253 1035 1307 ct
1057 1253 1105 1307 ta·
1157 1241 1355 1329 lnterempto
1377 1242 1571 1324 Pharaone,
1594 1243 1702 1330 deque
1723 1180 1818 1328 allis,
1841 1265 1927 1331 quae
1949 1246 2144 1312 acciderant

124 1354 202 1413 mea
223 1328 365 1416 intelligi
387 1329 465 1415 quid
487 1331 531 1393 sit
548 1328 651 1408 fides,
672 1349 740 1395 non
763 1339 894 1413 potest,
925 1328 990 1394 nisi
1011 1349 1106 1414 prae·
1156 1332 1190 1395 in
1213 1333 1301 1396 exitu
1323 1329 1551 1416 deAegyptot
1573 1329 1716 1395 Narrate
1740 1351 1780 1396 ea
1804 1327 1882 1396 filiis
1900 1333 2033 1396 vestris.
2056 1331 2143 1398 Nam

127 1421 237 1486 dicata
267 1416 480 1503 poenitentia.
531 1416 636 1480 Plane
664 1416 776 1481 vinum
807 1435 931 1482 novrum
957 1415 1105 1480 inatres
1157 1415 1242 1482 haee
1271 1417 1382 1481 onmia
1411 1437 1479 1480 non
1501 1428 1639 1506 propter
1660 1416 1770 1503 ipsos,
1790 1429 1826 1483 ιιι
1848 1415 1976 1484 Paulus
1999 1419 2058 1499 alt,
2079 1418 2143 1483 sed

125 1517 260 1572 veteres
282 1501 475 1579 infundunt,
498 1502 554 1587 qui
576 1500 675 1566 fidem
698 1502 771 1566 sine
818 1501 1010 1578 uenitentia,
1032 1501 1105 1565 sine
1156 1514 1294 1588 propter
1310 1522 1375 1568 nos
1397 1502 1523 1587 scripta
1544 1513 1634 1581 sunt,
1656 1514 1693 1567 nt-
1715 1504 1887 1570 discamus
1903 1505 2052 1569 timorem
2065 1502 2144 1583 Dei,

127 1591 280 1658 doctrina
301 1586 516 1666 timorisDei,
539 1587 774 1653 sinedoetn‘na
794 1525 882 1675 legis
899 1587 1105 1670 praedicant,
1156 1588 1221 1655 Est
1237 1599 1348 1653 autem
1371 1587 1467 1652 timor
1488 1584 1623 1654 Domini
1643 1586 1767 1654 initium
1791 1590 1978 1675 sapientiae
2000 1603 2065 1656 etc.

1767 1160 1792 1223 it
1815 1155 1945 1260 populo
1973 1156 2078 1225 lsrael
2101 1159 2145 1227 de

127 1689 161 1744 et
192 1677 236 1742 ad
258 1674 424 1740 carnalem
454 1673 619 1759 quandam
640 1675 853 1740 securitatem
876 1669 1107 1738 adsuefaciunt
1222 1673 1318 1739 Facit
1339 1672 1438 1739 etiam
1468 1674 1511 1739 ad
1540 1675 1727 1741 dotaendum
1755 1695 1938 1760 exponere,
1956 1679 1997 1753 16)
2031 1673 2142 1762 qualis

126 1761 259 1848 vulgus.
303 1760 353 1826 Ea
371 1764 411 1840 ¹⁰)
434 1760 599 1826 securitas
621 1772 674 1825 est
694 1760 850 1839 deterior,
873 1779 971 1846 quam
990 1777 1105 1823 omnes
1158 1769 1265 1826 status
1289 1758 1515 1842 sithominis,
1549 1759 1670 1827 aDeo
1692 1781 1760 1826 non
1784 1763 1972 1848 gubernati,
1989 1765 2031 1840 ¹⁶)
2065 1764 2143 1848 quia

124 1868 260 1916 errores
283 1861 383 1913 antea
405 1847 469 1911 sub
490 1867 577 1931 papa
598 1843 741 1912 fuerunt.
785 1846 860 1913 lloo
888 1864 997 1934 genus
1019 1842 1107 1910 Con·
1157 1847 1243 1912 enim
1261 1851 1302 1919 ¹⁷)
1325 1846 1359 1912 in
1381 1857 1547 1931 potestate
1570 1844 1694 1913 diaboli
1712 1859 1776 1929 est,
1798 1845 1978 1934 impellitur
1988 1849 2032 1913 ad
2044 1869 2143 1914 omne

125 1937 331 2001 cionatnrnm
343 1932 501 1999 describit
512 1933 693 1999 Hieremias
715 1944 750 1997 et
770 1933 937 2018 vituperat
956 1951 1029 2011 eos,
1051 1931 1107 2018 qul
1157 1953 1265 2021 genus
1284 1935 1325 2009 ¹⁸)
1347 1933 1484 2021 flagitia.
1527 1933 1652 2000 Annon
1674 1933 1848 2012 videmus,
1882 1955 1967 2020 quas
2002 1934 2142 2000 occisio·

126 2024 240 2089 dicant
256 2025 313 2096 ¹¹J:
358 2018 442 2098 Pax,
464 2040 546 2103 pax,
565 2030 599 2083 et
620 2039 688 2084 non
711 2031 763 2084 est
785 2041 861 2104 pax.
915 2017 1021 2091 Quam
1034 2038 1108 2104 gra·
1157 2039 1231 2100 aas,
1253 2020 1389 2100 medes,
1412 2031 1446 2084 et
1466 2015 1609 2086 aliomm
1631 2017 1799 2087 scelerum
1823 2017 1934 2086 multis
1956 2019 2085 2100 afferat,
2106 2031 2144 2087 ut

125 2110 214 2173 viter
251 2106 393 2172 minatur
427 2107 741 2185 concionatoribus,
779 2106 870 2190 apud
902 2103 1028 2171 Erech.
1059 2103 1106 2183 3.,
1157 2126 1218 2172 cos
1239 2125 1381 2190 prorsus
1403 2105 1549 2191 perdutl
1565 2110 1607 2182 ¹⁹)
1650 2105 1768 2192 Neque
1791 2104 1870 2173 ullis
1893 2108 2005 2172 verbis
2035 2103 2142 2192 expli·

125 2192 291 2260 Dominus
319 2192 654 2276 praetermittentibus
684 2191 773 2259 hano
797 2191 949 2276 parternl
992 2189 1029 2281 Sl
1063 2191 1107 2257 di·
1157 2192 1229 2258 cari
1251 2202 1376 2278 potest,
1397 2205 1522 2277 quanta
1532 2188 1621 2257 mala
1637 2192 1849 2278 impendeant
1860 2191 1925 2270 his,
1947 2214 2033 2278 quas
2046 2193 2142 2259 Deus

127 2291 225 2345 cente
246 2299 299 2344 me
320 2279 364 2343 ad
386 2279 536 2362 impium,
565 2288 672 2342 morte
693 2279 858 2357 morieris,
891 2297 960 2342 non
982 2279 1107 2344 adnun·
1157 2298 1224 2343 non
1255 2278 1356 2364 tegit,
1387 2288 1447 2343 aut
1479 2275 1626 2344 defendit
1657 2279 1822 2344 adversus
1853 2291 2018 2344 satanam.
2064 2277 2141 2352 Quo

127 2365 264 2433 tiaveris
285 2366 336 2444 ei,
360 2365 558 2452 sanguinem
580 2365 652 2430 eiras
674 2365 716 2429 de
737 2384 837 2430 manu
859 2365 1104 2451 tuarequirarn.
1156 2366 1222 2429 ruit
1253 2361 1394 2444 Saulus,
1457 2386 1499 2430 uo
1532 2362 1682 2450 prolapsi
1713 2378 1792 2430 sunt
1825 2362 1931 2444 Kain,
1970 2361 2137 2445 Absaloa,

125 2451 241 2538 ltaque
275 2447 401 2516 Paulus
433 2453 495 2530 ait,
530 2450 730 2534 scripturam
763 2451 920 2517 divinitus
952 2449 1106 2516 traditam
1156 2447 1289 2532 Achab,
1310 2462 1345 2516 et
1365 2384 1491 2516 simlles
1512 2450 1612 2536 impii,
1633 2450 1817 2537 quiuDeus
1841 2471 1901 2517 eos
1927 2470 1996 2516 non
2015 2453 2136 2537 guber·

125 2559 205 2606 esse
227 2537 271 2603 ad
293 2537 509 2624 arguendam,
531 2537 775 2623 corripiendam
793 2539 834 2618 ¹²)
856 2548 919 2602 etc.
953 2534 1001 2601 At
1018 2557 1106 2603 nunc
1156 2538 1277 2616 nabat,
1308 2537 1370 2601 sed
1392 2537 1573 2603 tradiderat
1601 2539 1634 2602 in
1657 2537 1859 2603 desiderium
1887 2537 2037 2604 cordium
2059 2556 2138 2602 suo·

125 2626 196 2703 isti,
231 2623 286 2709 qui
307 2624 542 2708 poenitentiam
571 2642 614 2687 ne
638 2619 746 2709 ligant
773 2623 916 2702 docere,
943 2643 1042 2689 unam
1065 2623 1107 2688 de
1155 2643 1240 2689 rum.
1283 2623 1380 2689 Rom.
1401 2623 1431 2686 l.
1444 2625 1490 2696 ²⁰)

126 2706 416 2798 principalioribus
437 2710 588 2795 partibus
609 2645 796 2796 {vangelio
819 2707 1008 2777 detrabunt.
1241 2707 1335 2775 llaec
1361 2706 1511 2794 exempla
1538 2723 1616 2775 sunt
1637 2711 1835 2795 exponenda
1856 2706 2070 2787 multitudini,
2104 2721 2141 2777 nt

213 2797 421 2861 Paenitentia
442 2816 524 2860 vcro
553 2795 603 2861 slc
625 2794 778 2862 docenda
807 2808 879 2876 est,
912 2807 949 2862 ut
970 2794 1106 2861 horten-
1155 2795 1334 2862 invitentur
1355 2796 1398 2859 ad
1421 2796 1655 2879 poenitentiam
1677 2796 1770 2862 etad
1789 2793 2138 2880 petendumauxilium

127 2895 181 2950 tur
197 2886 241 2962 ¹³)
263 2881 432 2986 auditores
454 2883 502 2987 ad
520 2881 770 2987 contritionem,
792 2902 879 2986 quae
902 2894 956 2948 ost
976 2883 1106 2968 praeci·
1155 2902 1177 2946 a
1197 2880 1292 2985 Deo,
1326 2893 1360 2947 ct
1389 2881 1530 2947 docendi
1551 2892 1663 2987 ‚⁸⁰¹¹.t'.
1677 2882 1711 2947 id
1729 2882 1820 3030 (pund
1842 2880 1997 2986 Gobristus
2025 2882 2136 2950 docet.

125 2980 562 3124 dormitis
575 2970 1106 3141 tistintttit‘tidttgt
1155 2963 1664 3136 ltttllflt'ltttltllt:
1685 2980 2137 3120 obstinatis

125 3143 246 3208 iuuerit
261 3154 421 3226 peccator
438 3153 501 3206 etc.
520 3137 672 3207 etlolrela
694 3140 843 3208 Scindite
866 3141 1108 3220 cordavestra,
1157 3138 1246 3207 libus
1276 3141 1391 3220 rebus,
1424 3160 1507 3227 quas
1540 3136 1662 3227 vulgos
1694 3141 1752 3207 vix
1784 3157 1933 3228 unquam
1962 3150 2056 3207 recte
2088 3139 2137 3207 in·

85 3268 90 3273 -
126 3239 162 3296 et
178 3227 316 3292 lesaiasz
347 3224 413 3292 Ubi
434 3225 596 3293 habitabit
617 3226 804 3297 nominat
848 3225 885 3294 ln
907 3228 1027 3315 spiritu
1049 3225 1106 3295 bu·
1158 3225 1290 3314 telligit.

125 3310 263 3381 miliato.
1245 3312 1402 3380 Secunda
1422 3331 1502 3398 pars
1524 3312 1695 3379 doetrinae
1718 3325 1771 3379 est
1794 3314 1950 3379 doctriua
1969 3311 2139 3379 remissio·

213 3397 403 3485 Aliquando
433 3412 538 3466 totum
568 3398 768 3486 decalogum
795 3412 954 3466 enarrent
980 3400 1109 3481 ordine,
1158 3401 1211 3465 nis
1233 3409 1448 3485 peecatorum
1470 3419 1532 3465 scu
1553 3399 1706 3465 doctrina
1728 3398 1816 3465 fidei.
1830 3400 1876 3475 ²²)
1921 3398 2015 3464 llaec
2043 3395 2138 3463 intel·

151 3487 206 3550 uia
234 3485 440 3570 praedicatio
473 3483 505 3551 le
530 3487 559 3549 is
592 3488 635 3552 ad
664 3487 900 3571 poenitentiam
932 3498 1109 3571 provocat,
1158 3484 1217 3573 ligi
1238 3489 1285 3552 ita
1307 3487 1438 3551 demum
1454 3497 1579 3569 potest,
1600 3486 1629 3550 si
1647 3496 1725 3550 ante
1741 3484 1927 3551 doctrinam
1940 3485 2140 3550 tintorisseu

172 3572 316 3656 monade
339 3585 468 3639 certum
525 3573 624 3658 iqund
646 3573 761 3638 vitium
783 3574 973 3658 vituperent
996 3586 1030 3639 et
1052 3595 1110 3640 en·
1159 3571 1383 3659 poenitentiae
1404 3572 1584 3651 audierint,
1612 3573 1691 3657 quia
1718 3569 1804 3636 fides
1832 3591 1900 3638 nan
1922 3583 2036 3656 potest
2059 3589 2139 3635 con·

127 3657 223 3742 pinse
245 3654 428 3742 declarant,
450 3680 549 3745 quam
572 3662 721 3746 graviter
743 3657 930 3726 ollendatur
953 3655 1049 3725 Deus
1075 3671 1110 3725 et
1160 3659 1243 3745 cipi,
1275 3657 1338 3724 nisi
1371 3660 1404 3724 in
1438 3659 1541 3723 corde
1568 3657 1722 3725 contrito.
1778 3655 1836 3724 Sic
1862 3657 1965 3744 igitur
1993 3659 2138 3722 doceant

127 3762 215 3828 quas
246 3764 374 3828 poenas
407 3747 559 3811 minetur.
587 3744 679 3849 ‘Non
712 3747 799 3811 enirn
827 3746 911 3811 satis
941 3759 993 3811 est
1014 3765 1110 3830 prae·
1160 3745 1271 3810 [idem.

126 3840 229 4001 tt?
237 3850 339 3982 15:¹3:
339 3831 811 4001 ‘marttitttltttt
824 3851 914 3983 tt?
915 3843 1110 3984 titii
1366 3878 1542 3948 pannon
1565 3878 1675 3956 0⁰¹⁰
1697 3880 1766 3948 sn
1787 3878 1928 3947 ranas.

126 4001 274 4067 aeternis
292 4006 428 4087 poenis,
450 4004 510 4069 sed
533 4004 631 4069 etiam
653 4004 696 4070 de
716 4005 904 4088 praesentis
925 4005 1015 4069 vitae
1032 4024 1110 4089 poe-
1248 4002 1312 4070 Est
1342 4013 1453 4069 autem
1480 4001 1585 4083 fides,
1618 4002 1767 4084 credere,
1801 3999 1891 4089 quod
1923 3996 2019 4065 Deus
2041 3999 2139 4065 nobis

125 4088 180 4154 aa
201 4089 364 4169 doceant,
384 4091 463 4176 quia
487 4088 652 4155 Dominus
680 4110 749 4155 non
771 4100 898 4155 tantum
920 4101 999 4174 post
1022 4091 1110 4156 hanc
1161 4090 1331 4158 condonat
1350 4101 1492 4176 peccata
1512 4099 1650 4176 propter
1678 4085 1867 4169 Christum,
1899 4096 1934 4152 et
1961 4085 2039 4172 qula
2060 4105 2140 4187 con·

126 4174 248 4254 vium,
280 4175 342 4241 sed
362 4176 467 4242 multa
489 4176 587 4242 otiam
608 4176 642 4240 in
671 4173 737 4241 bac
757 4177 826 4243 vita
846 4177 941 4260 punit
969 4174 1110 4262 exempli

127 4278 270 4340 mussa,
301 4272 340 4327 ut
366 4261 452 4330 alios
481 4263 525 4328 ad
551 4264 790 4351 poenitentiam
812 4262 940 4329 invitet.
984 4261 1109 4329 Genea.

126 4341 245 4413 xvttt.
268 4347 315 4412 ait
333 4348 497 4438 Angelus,
518 4369 557 4414 se
580 4345 781 4434 supplicium
792 4347 1016 4416 Sodomorum
1032 4349 1109 4416 ideo
1162 4316 1209 4380 ¹⁴)
1229 4315 1335 4382 orara]
1354 4315 1407 4367 Ed·
1426 4317 1452 4367 ²·
1470 4315 1632 4382 praedicere,

1162 4418 1209 4485 15)
1228 4418 1301 4469 Facit
1319 4419 1449 4471 etiamad
1467 4418 1613 4470 docendum
1631 4416 1783 4483 exponere,]
1810 4416 1860 4467 Ed.
1880 4415 1905 4467 l.
1924 4413 2037 4467 Prodest
2054 4420 2080 4463 et
2096 4376 2140 4464 bie

131 4519 329 4534 ...-...
1229 4500 1362 4554 exponere

1162 4591 1207 4657 to)
1224 4607 1241 4643 a
1256 4591 1317 4643 Deo
1334 4607 1389 4642 nou
1406 4590 1631 4657 gubemati,]1id.
1650 4590 1675 4640 l.
1694 4590 1738 4653 qui
1756 4602 1812 4640 non
1835 4587 1997 4654 gubernatur
2014 4601 2031 4637 a
2047 4585 2118 4647 Deo,

1161 4695 1207 4763 1⁹1)
1226 4695 1307 4760 euim]
1323 4695 1373 4744 Bd.
1392 4693 1418 4744 2.
1437 4709 1496 4744 cum

143 4831 174 4900 a)
194 4841 221 4884 e
238 4834 291 4884 ιιι.
306 4843 424 4901 amora
441 4834 559 4900 ιηιιη]
574 4833 624 4886 aa.
644 4835 669 4886 t.
687 4830 780 4886 atem
797 4839 824 4883 e
839 4832 892 4900 ιμι
908 4833 1013 4886 aron·
1161 4798 1208 4865 ¹⁸)
1226 4810 1303 4847 ⁰³³⁰
1320 4796 1413 4865 aean}
1433 4796 1483 4848 Μ·
1504 4797 1529 4849 ²·
1548 4798 1632 4848 Μ’
1648 4797 1759 4876 *Μ

1161 4899 1208 4965 19)
1226 4901 1323 4950 Annon
1339 4899 1463 4961 videmus,
1480 4914 1544 4966 qnae
1562 4927 1596 4939 -
1612 4899 1733 4967 pardatt]
1750 4899 1778 4947 ia
1794 4894 1843 4949 lid.
1863 4898 1888 4947 l.
1907 4895 2003 4948 derum.

142 4935 176 5004 9)
193 4936 349 5008 rounam]
366 4938 416 4990 lto.
436 4938 461 4990 ι.
480 4937 620 4991 reclinari

125 5040 174 5108 ¹0>
191 5039 245 5107 u
263 5038 314 5091 a
333 5043 357 5093 2·
376 5042 412 5092 a
1160 5004 1208 5070 ι)
1226 5001 1521 5124 natatum
1537 4999 2010 5124 *en
2030 4998 2144 5121 trra

125 5142 176 5211 Π)
194 5142 296 5210 tue⁹¹¹⁸]
311 5143 361 5196 Ed·
381 5146 407 5198 l.
426 5145 518 5196 dicuat
752 5167 753 5170 ¹
1228 5141 1357 5205 faemore,
1374 5150 1404 5191 at
1419 5157 1466 5209 per
1484 5157 1527 5192 eas
1546 5143 1701 5193 aceniam·
1719 5139 1814 5206 perdat
1830 5141 1899 5191 illos.

127 5246 176 5312 12)
194 5246 369 5311 mumdum,
387 5247 590 5316 corripienda]
608 5246 658 5299 lid.
677 5247 703 5302 θ.
721 5247 899 5314 modu,
917 5247 1110 5313 corripiendam
1160 5246 1208 5314 sl)
1226 5260 1304 5313 quant
1322 5244 1472 5313 ruminari]
1490 5245 1540 5300 Ed.
1558 5246 1583 5297 2.
1601 5260 1678 5311 quatu
1695 5243 1814 5310 qaoddie
1832 5241 1971 5295 rociiersrl

128 5347 178 5415 ts)
194 5347 343 5418 bermar]
358 5348 409 5402 ld.
429 5352 454 5403 2.
473 5354 585 5404 inertem
1160 5349 1208 5415 m)
1226 5364 1272 5401 ten
1290 5349 1411 5401 docmina
1426 5347 1500 5416 nott]
1519 5344 1571 5401 Ed.
1589 5349 1615 5401 2.
1634 5361 1681 5399 tta
1697 5347 1757 5398 too

106 4662 109 4667 -
142 4625 175 4694 0)
192 4627 308 4678 Articuli
324 4653 359 4667 -
373 4625 530 4692 &roniuaJ
547 4622 609 4678 laec
624 4625 757 4694 metato
773 4627 801 4678 ot
818 4626 870 4679 tto.
888 4626 914 4681 ί.
934 4625 1009 4680 dtu.

144 4727 176 4797 7)
194 4729 299 4798 docuit]
317 4731 368 4786 lid.
385 4732 411 4783 2.
429 4730 507 4783 docet
