4808 6204
184 424 249 491 tlt
625 413 738 481 Phth.
761 413 866 482 MEL.
889 409 1079 479 SCRIPTA
1099 405 1372 474 DOGMATICA
1388 407 1446 473 ET
1469 409 1742 479 SYMBOblGA.
2135 414 2204 482 tta

185 631 304 678 nones,
349 608 447 682 Quod
470 606 499 670 si
519 626 586 671 non
608 600 720 690 potest
742 604 928 688 impetrari,
949 611 986 666 vt
1015 597 1167 665 relaxeti-
1214 597 1372 680 eripiatur
1393 596 1588 684 Episcopis,
1612 600 1673 663 sed
1695 597 1761 664 hoc
1784 621 1885 666 vnum
1908 603 2050 687 petitur,
2078 614 2114 670 vt
2141 626 2205 690 pa·
2231 638 2236 647 ·

187 711 241 765 tur
264 694 531 772 obseruationes,
554 712 640 777 qaae
663 693 735 756 siue
758 698 899 774 peceato
927 708 996 752 tion
1023 696 1166 772 possunt
1214 684 1344 751 cientur
1366 682 1584 772 Euaiigeliuin
1607 705 1690 769 pure
1720 687 1853 765 doceri,
1882 699 1914 752 et
1942 685 2095 755 relaxent
2121 713 2202 777 pau·

185 782 359 871 prnestori.
384 792 517 864 oportet
538 797 601 842 nos
625 774 774 862 regulam
804 769 1036 860 Apostolicam
1058 771 1165 858 sequi,
1214 789 1275 834 cas
1299 770 1461 853 quasdam
1480 772 1746 847 obsetuatiitncS,
1769 792 1855 858 quae
1877 775 1950 838 siue
1968 787 2109 858 peccato
2126 798 2204 843 scr·

186 890 273 957 quae
295 867 471 954 praecipit,
494 864 569 929 lieo
599 865 707 950 inagis
736 862 873 926 obedire
900 880 999 946 quam
1027 857 1166 923 homini·
1217 855 1291 919 uari
1309 873 1376 918 nou
1399 867 1552 940 possunt.
1598 857 1697 929 Quod
1731 859 1760 921 si
1792 857 1873 922 nihil
1902 863 2106 944 remiserint,
2135 864 2206 949 ipsi

186 958 262 1025 bus.
311 954 428 1019 l’eltus
453 962 544 1018 vetat
564 948 752 1035 Episcopus
786 947 965 1024 dominari,
994 957 1028 1010 et
1050 938 1166 1010 Eccle-
1214 940 1376 1019 viderint,
1408 944 1575 1026 quomodo
1608 941 1684 1007 Deo
1717 946 1879 1010 rationein
1918 949 2080 1014 reddituri
2120 952 2204 1031 sint,

186 1043 249 1129 sijs
271 1044 444 1124 imperare.
490 1037 587 1102 Nune
610 1056 676 1102 non
699 1035 732 1099 iil
760 1033 890 1120 agitur,
918 1043 955 1098 vt
984 1031 1165 1096 dominatio
1214 1027 1304 1113 quod
1322 1029 1498 1112 pertinatia
1520 1048 1582 1095 sua
1606 1050 1741 1095 eausam
1763 1031 1938 1097 schismati
1968 1037 2203 1117 pi·cebeut.⁰⁰)

193 1216 397 1230 -0-——1-

187 1341 234 1406 96)
252 1339 306 1389 Sed
325 1339 356 1387 de
374 1337 424 1386 hac
443 1334 593 1398 quaestione
611 1328 693 1379 nostri
710 1329 748 1379 111
767 1328 862 1379 doceat
879 1325 947 1390 (aide
969 1339 1046 1390 repre
1058 1343 1088 1404 p.
1106 1325 1167 1378 407.

254 1409 297 1457 lin.
317 1409 372 1468 30‚)
383 1432 415 1443 -
426 1430 459 1440 -
469 1429 500 1439 -
514 1400 585 1466 quod
602 1398 742 1465 pertinatia
759 1412 806 1446 sua
824 1411 929 1446 eausam
941 1394 1070 1444 schismati
1089 1408 1164 1458 prae-

255 1476 336 1541 bent]
359 1474 419 1524 doec
434 1487 495 1536 prat
512 1470 585 1520 liuius
602 1467 704 1518 articuli
722 1468 832 1529 attremi,
850 1466 931 1533 paulis
949 1463 1077 1514 1111111111.
1095 1466 1121 1515 2.
1139 1464 1165 1516 3.

256 1547 355 1612 legitor,
372 1545 399 1592 in
416 1541 466 1590 Ed.
484 1542 510 1592 4.
529 1540 567 1589 ric
583 1539 686 1588 vitricia
703 1543 753 1587 etl:

289 1612 401 1673 Quoties
419 1618 505 1661 autent
523 1609 556 1657 de
573 1607 624 1659 hoc
648 1607 710 1657 loce
736 1606 900 1666 disserimus,
923 1604 1011 1653 statim
1032 1603 1169 1652 clamitant

255 1683 410 1746 aduersarij,
429 1676 952 1739 11111111111111111111111111111111111,
970 1673 1027 1721 tieri
1046 1666 1169 1733 ἀταξίαν,

254 1768 307 1802 uon
326 1766 401 1816 posse
420 1763 505 1798 mores
522 1747 612 1811 populi
630 1746 780 1810 gubernati,
798 1759 851 1793 non
870 1742 1004 1792 coherceri
1028 1741 1100 1804 uulgi
1124 1755 1169 1805 pe-

255 1823 401 1883 tulantiam,
421 1819 532 1880 denique
550 1816 622 1880 sequi
641 1815 811 1879 Cyclopieam
830 1814 925 1874 uitam,
951 1810 1046 1890 otialis,
1059 1811 1092 1860 ab
1116 1809 1169 1860 Eti-

256 1892 340 1955 ripidc
360 1894 386 1939 iti
404 1889 455 1937 hoo
472 1901 549 1934 uersu
568 1884 731 1935 describitur.
749 1876 878 1950 νομάδες,
896 1870 990 1929 (laonii
1015 1875 1098 1928 audiv
1121 1871 1168 1927 otl-

256 1949 452 2016 1111111111.
485 1954 634 2014 Queruntur
652 1961 678 2002 et
696 1952 829 2015 abrogatis
847 1952 975 2014 aliquibus
993 1950 1094 2012 legibus
1114 1948 1168 1998 uul-

258 2046 305 2094 gus
325 2029 472 2092 exemplum
489 2024 627 2074 transferre
645 2024 680 2073 ad
699 2038 789 2071 omues
811 2023 898 2083 leges,
921 2032 946 2067 et
970 2021 1085 2068 excussis
1109 2020 1167 2067 uiu-

257 2101 320 2149 111111
339 2112 369 2147 ae
387 2098 468 2147 irruis
492 2093 646 2157 disciplinae
674 2106 775 2140 sumere
802 2092 853 2139 sibi
876 2090 1004 2138 iuliiiitam
1028 2090 1167 2152 licentiam,

256 2183 323 2231 quac
342 2167 465 2216 seandala
482 2167 627 2223 itutamera,
645 2162 829 2209 distractiones
839 2160 998 2223 Principum,
1018 2157 1166 2222 dissipatio·

255 2252 301 2287 ties
320 2237 505 2293 Ecclesiarum,
521 2233 674 2290 seditiones,
693 2231 768 2292 bella,
787 2238 813 2277 ct
830 2230 965 2277 uastitates
984 2228 1057 2291 perit.
1084 2228 1167 2276 Deui-

256 2321 306 2370 quc
324 2305 465 2354 ostendunt
483 2316 560 2366 quant
578 2304 612 2349 sit
630 2301 737 2350 inimica
755 2300 845 2361 gatteri
863 2297 976 2346 humano
994 2288 1122 2362 ἀναρχία,
1141 2304 1168 2344 11

255 2390 288 2424 tx
306 2375 356 2424 hoc
374 2375 455 2434 toute,
474 2377 598 2434 quantuni
619 2371 646 2418 in
669 2382 772 2417 omnent
795 2368 876 2416 uitam
900 2368 1027 2416 uic-iorum
1051 2375 1077 2414 et
1099 2366 1168 2416 eale·

254 2445 372 2493 mitatem
390 2441 513 2491 extrudet.

289 2514 399 2562 Manent
417 2511 497 2573 igitur
516 2508 549 2556 ad
566 2507 632 2557 haec
649 2512 724 2555 tanta
748 2504 818 2555 mula
844 2503 966 2564 uitanda,
984 2502 1168 2554 stabiliendam

256 2596 313 2629 este
331 2581 497 2631 autoritatem
514 2576 712 2640 Episcopornut,
730 2574 879 2623 tetiuendas
902 2574 974 2637 leges
999 2574 1121 2635 usitatas,
1139 2575 1168 2624 in

256 2651 348 2714 quihus
368 2648 485 2697 etiamsi
508 2661 559 2709 qua
584 2645 637 2692 sint
659 2645 837 2705 incommoda,
861 2644 926 2692 haee
950 2642 1046 2692 docent
1068 2644 1167 2692 corido-

256 2720 346 2771 nanda
364 2733 419 2766 esse
439 2715 568 2766 communi
586 2713 720 2762 hominum
739 2715 920 2773 imbecillitati,
939 2719 965 2762 et
982 2718 1088 2776 propter
1099 2720 1166 2764 tran-

257 2789 413 2851 qtiillitatom
441 2784 641 2843 dissimulanda,
668 2785 804 2846 presertim
835 2798 892 2830 euin
928 2783 1014 2832 nullus
1043 2783 1168 2832 constitui

257 2864 337 2907 statiis
356 2857 448 2921 pessit,
467 2856 511 2917 qui
528 2867 634 2917 prorsus
659 2856 693 2902 sit
710 2854 766 2901 siue
791 2853 868 2902 iricio.
903 2851 1029 2915 Allegant
1050 2850 1102 2900 huc
1123 2866 1166 2900 ue-

256 2935 296 2975 tus
316 2927 380 2975 illud
398 2919 429 2974 ri
452 2919 538 2972 tetrada
560 2907 590 2970 td
611 2923 752 2989 κείμενον,
775 2916 813 2989 μὴ
838 2917 968 2982 κινητέον.
1004 2920 1167 2971 Commemo-

256 3002 313 3044 rant
335 2994 461 3057 exempla,
479 2994 558 3041 motis
577 2992 690 3053 legibus,
715 3000 759 3040 aut
782 2998 881 3041 mutata
904 2992 1011 3055 politiae
1032 2990 1117 3039 forma
1139 2991 1167 3038 in

255 3067 360 3114 ciuitate
378 3066 480 3123 Attica,
498 3062 639 3126 Spartana,
657 3062 775 3111 llomaua
792 3070 818 3108 ct
836 3061 909 3123 aliis,
933 3073 998 3124 quae
1017 3060 1104 3109 clades
1128 3073 1167 3109 11-

255 3142 329 3184 cutae
358 3136 418 3185 siut.
461 3132 559 3181 11111111
583 3132 757 3181 dissensiones
781 3129 922 3179 Consulum
946 3136 971 3177 et
994 3128 1168 3178 Tribunatum

255 3204 356 3268 quotics
377 3203 464 3251 ciuilia
482 3201 552 3249 bella
571 3200 736 3249 excitarunt?

288 3270 442 3336 Quanquam
460 3279 546 3319 nutem
563 3270 612 3318 hae
625 3269 778 3319 Senatoriuc
796 3267 935 3315 conciones
946 3264 1084 3315 admodum
1095 3267 1167 3330 plau·

254 3342 342 3391 sibiles
361 3351 434 3401 stitit,
454 3348 479 3388 ct
497 3341 635 3388 multorum
659 3340 759 3387 auituos
787 3340 913 3386 aduersus
939 3349 988 3384 nos
1015 3336 1166 3396 iitcendutzt,

254 3420 341 3461 tamen
366 3411 436 3465 ueris
464 3418 490 3457 et
513 3409 700 3457 honestissimis
728 3407 889 3469 argumentis
916 3406 1022 3454 resultari
1049 3412 1166 3469 possunt.

253 3480 367 3529 Primum
385 3481 465 3542 igitur
483 3478 593 3540 petimus
611 3486 639 3524 ut
660 3478 699 3525 1111
722 3477 899 3524 Accusatores
923 3474 1007 3523 nostri
1031 3474 1167 3524 historiam

253 3548 387 3599 Ecclesiae
416 3548 530 3596 oriudum
555 3554 697 3611 temporum
722 3546 884 3612 intueantur,
906 3542 963 3593 Nec
986 3549 1076 3608 putent
1099 3560 1167 3592 sutu-

255 3632 311 3667 mot
330 3620 399 3666 tritos
417 3616 563 3680 Prophetas
591 3624 617 3664 et
640 3615 782 3678 Apostolos
807 3613 885 3662 luisse
909 3612 965 3661 sine
992 3629 1070 3662 seusu
1097 3623 1166 3662 eom-

254 3684 335 3748 muiii,
354 3702 384 3735 ae
403 3687 470 3735 utleo
489 3685 597 3746 sericos,
616 3691 645 3732 tit
662 3684 875 3746 tranquillitatem
897 3685 996 3747 patriae
1019 3698 1072 3731 nott
1097 3699 1166 3732 ania-

230 3746 233 3750 *
254 3757 316 3816 rint,
335 3765 380 3806 aut
397 3757 647 3813 commmunicant
665 3756 827 3818 disciplinam
846 3755 927 3816 leges,
938 3752 1020 3814 llcgtti
1040 3743 1168 3809 silita-'tar

253 3840 308 3874 nott
326 3826 430 3873 uiaxittii
450 3826 567 3874 scretiiit.
604 3824 640 3873 lli
658 3840 721 3872 uero
740 3825 934 3887 sapientissimi,
952 3823 1052 3884 optinui,
1071 3832 1096 3869 et
1111 3838 1162 3870 tuo·

254 3895 408 3943 detulissitoi
427 3897 475 3943 uiri
495 3895 593 3953 lisoius,
612 3892 704 3953 lonas,
722 3892 858 3951 Ieremias,
877 3890 1011 3953 Baptista,
1036 3891 1165 3950 tloistus,

254 3962 356 4023 l’etrio,
373 3963 492 4024 lacobus,
510 3963 616 4021 Paulus,
635 3968 661 4009 et
679 3961 861 4023 intelligebant
879 3968 1002 4023 quaittuui
1019 3958 1115 4007 bouum
1133 3961 1167 4007 sit

254 4034 339 4082 ciuilis
359 4033 509 4090 concordia,
529 4038 555 4078 et
574 4031 696 4078 attrahunt
714 4046 783 4090 suos,
801 4029 924 4079 amabant
939 4029 1058 4094 patriam,
1071 4043 1165 4091 magno

255 4117 312 4149 emti
332 4102 423 4150 dolore
442 4102 597 4164 spectabant
615 4100 724 4148 dissidia
743 4109 768 4147 et
786 4099 999 4147 dilacerationem
1024 4098 1166 4162 pulcherri-

252 4172 445 4235 maepoliliae.
483 4170 592 4227 Qiiotics
610 4169 774 4232 illaehrimat
791 4168 920 4227 Christus,
938 4168 1046 4232 loquens
1065 4168 1098 4216 dc
1114 4168 1165 4215 dis-

253 4241 349 4305 cerdijs
367 4248 393 4287 ct
410 4238 586 4289 sedicionibus
605 4238 691 4301 geittis
716 4247 742 4285 et
765 4237 836 4286 urhis
864 4237 976 4286 excidio.
1013 4235 1166 4301 Quanquam

252 4310 333 4374 igitur
352 4309 398 4358 illa
416 4308 503 4357 ciuilia
521 4308 609 4356 officia
626 4315 653 4355 et
672 4314 768 4355 norant
786 4308 890 4372 optime,
909 4312 935 4354 ct
957 4308 1070 4355 maxime
1095 4320 1165 4355 arna·

252 4381 316 4428 baut
332 4378 480 4442 Prophetae
500 4385 525 4427 et
542 4378 676 4440 Apostoli,
696 4383 782 4425 tantett
801 4377 960 4439 cogebantur
979 4378 1069 4426 diuino
1093 4390 1165 4424 mait-

254 4448 315 4496 tbtto
343 4448 495 4511 belligerari
529 4462 587 4495 eittu
615 4462 698 4509 reguo
726 4447 840 4508 diaboli,
868 4458 1014 4511 proponere
1043 4445 1166 4494 celestem

254 4517 409 4580 doetriiiaut,
428 4518 553 4579 colligere
572 4517 631 4566 Deo
650 4516 804 4576 Ecclesiam,
823 4525 849 4565 et
866 4518 966 4565 sciuitc
984 4515 1062 4564 saluti
1081 4522 1166 4564 aeter·

253 4601 303 4634 nac
321 4589 461 4636 multorum
480 4588 621 4635 hominum.
655 4586 715 4634 llae
733 4592 793 4634 suut
811 4587 907 4650 primae
926 4587 996 4648 leges
1022 4584 1166 4632 anteferen-

250 4654 303 4704 dae
323 4656 413 4704 ceteris
432 4658 562 4716 omnibus,
580 4656 642 4704 Non
661 4655 769 4704 habebis
787 4655 851 4705 deos
869 4656 977 4705 alienos.
1011 4652 1073 4702 Non
1092 4667 1166 4701 usur.-

253 4724 328 4787 pabis
347 4739 440 4773 nornen
459 4726 510 4774 Dei
535 4738 611 4774 naue.
647 4725 713 4773 Item
738 4725 770 4773 dc
795 4724 849 4774 lilio
873 4723 941 4785 Ilei,
965 4722 1015 4772 Hie
1034 4728 1073 4771 cst
1098 4722 1167 4771 filius

252 4805 325 4841 meus
345 4794 463 4851 dilectus,
480 4794 556 4842 Hauc
574 4792 671 4843 audite.
694 4793 743 4841 His
763 4795 864 4857 legibus
882 4807 991 4844 necesse
1009 4799 1049 4842 est
1066 4793 1167 4842 obtem-

222 4862 358 4926 '“'perere,
381 4877 488 4911 necesse
511 4868 550 4910 111
573 4877 662 4910 ueram
679 4863 711 4911 dc
729 4863 787 4912 Deo
806 4864 965 4923 doctrinam,
990 4876 1065 4912 ueros
1085 4862 1168 4911 cultus

251 4929 382 4994 amplecti,
401 4936 427 4978 et
443 4930 534 4994 fugere
557 4944 660 4980 errores
684 4933 887 4982 contumeliosos
905 4933 932 4980 hi
954 4933 1054 4993 Deum,
1079 4931 1120 4981 uel
1144 4929 1169 4978 11

250 4998 350 5050 fractus
369 4998 491 5048 illabatur
510 4999 589 5050 orbis.
625 4999 706 5050 Nulla
723 5015 763 5049 res
781 5002 894 5052 humana
917 5000 955 5049 his
982 5000 1033 5049 Dei
1060 4999 1168 5050 mauda-

251 5069 285 5117 tis
302 5066 473 5118 anteferenda
491 5075 538 5130 est,
557 5083 611 5118 aon
628 5069 685 5119 uita
703 5078 802 5131 nostra,
820 5086 874 5120 non
892 5070 980 5131 amici,
998 5082 1052 5118 uon
1071 5069 1169 5119 ciuium

250 5137 402 5189 eoncordia.

285 5205 384 5256 11111111
401 5207 442 5259 uir
459 5207 662 5272 sapientissimus
682 5209 797 5259 ethead
816 5207 893 5258 dabie
905 5207 1037 5272 politicus,
1055 5208 1169 5273 imponit

250 5276 329 5326 tribui
347 5275 482 5326 Leuitictte
500 5291 591 5326 murias
609 5278 729 5339 docendi,
748 5293 779 5327 ac
796 5279 881 5327 sciens
900 5277 987 5340 qualia
1004 5277 1056 5325 siut
1075 5277 1166 5327 docto-

249 5359 308 5395 rum
326 5346 467 5396 certamina
484 5354 510 5395 et
526 5347 651 5412 pericula,
668 5353 823 5412 praemonet
840 5348 874 5396 de
898 5360 945 5409 co,
972 5345 1043 5411 quod
1068 5347 1167 5396 iudica·

249 5414 296 5466 bet
312 5426 370 5465 este
388 5414 584 5479 difficillimum,
603 5423 630 5466 et
645 5416 718 5467 iubet
735 5415 859 5466 anteferri
883 5414 1063 5467 defensionem
1088 5428 1167 5466 11111

1285 1318 1429 1369 doctrinae.
1466 1320 1510 1372 Sic
1529 1323 1598 1371 eziitn
1616 1324 1653 1371 ait
1671 1322 1765 1372 Dente.
1784 1324 1826 1373 33.
1846 1326 1880 1375 Hi
1902 1327 2051 1379 custodient
2068 1330 2204 1395 cloquium

1285 1396 1367 1448 taum,
1387 1391 1429 1450 qui
1448 1397 1580 1453 parentes,
1598 1392 1703 1450 liberos,
1721 1393 1815 1442 iratres
1834 1396 2031 1449 oblitiiscentnt.

1319 1456 1477 1520 Experimur
1495 1467 1521 1506 et
1539 1460 1589 1524 ipsi
1608 1476 1661 1509 nou
1679 1463 1736 1509 leue
1755 1478 1820 1512 onus
1841 1465 1990 1528 impositum
2008 1480 2064 1517 esse
2082 1468 2202 1520 docenti·

1285 1525 1342 1588 bus,
1360 1528 1458 1576 aeuitur
1476 1530 1503 1577 in
1522 1537 1625 1578 nostros
1644 1531 1730 1579 multis
1747 1532 1824 1582 locis.
1861 1534 1917 1583 Nos
1943 1537 1993 1600 ipsi
2018 1537 2118 1587 duriter
2141 1553 2204 1603 pre·

1284 1596 1386 1656 mimur,
1405 1595 1466 1659 lpse
1488 1599 1565 1647 etiam
1588 1603 1690 1663 patriae
1715 1601 1846 1652 discordia
1869 1605 1943 1654 nobis
1967 1607 2100 1669 ingentem
2125 1608 2203 1659 dolo·

1285 1662 1451 1715 rem'adlctt.
1489 1667 1544 1718 aaa
1562 1678 1590 1715 ut
1608 1669 1703 1716 dietum
1722 1678 1767 1729 111,
1786 1682 1952 1722 1111111111
1975 1675 2015 1724 liis
2037 1664 2139 1739 maguis
2156 1679 2204 1728 in·

1286 1734 1428 1782 commodis
1447 1734 1745 1787 11111111111111111111
1767 1742 1832 1803 Dei,
1858 1743 1890 1789 de
1916 1758 1980 1792 uera
2004 1745 2123 1795 doctrina
2145 1762 2202 1797 am·

1287 1803 1434 1866 plectenda,
1456 1812 1482 1851 et
1500 1805 1655 1870 abijciendis
1674 1810 1815 1858 erroribus.
1851 1811 1907 1861 Nec
1926 1813 1999 1862 uobis
2024 1815 2116 1877 ignota
2140 1820 2203 1865 sunt

1286 1886 1404 1935 eaquae
1423 1888 1439 1921 1
1456 1875 1624 1936 prudentibus
1644 1877 1676 1924 de
1695 1879 1782 1940 legum
1800 1882 1988 1930 mutationibus
2012 1885 2109 1947 scripta
2129 1891 2202 1948 sunt,

1284 1940 1452 1991 Meuiiaimus
1471 1943 1542 1992 iliam
1560 1945 1676 1995 Platonis
1695 1962 1796 2009 uocem,
1817 1956 1844 1998 ut
1863 1950 2030 2001 delirantium
2053 1961 2203 2017 parentum,

1286 2011 1323 2059 ita
1342 2011 1496 2074 desipientis
1515 2015 1612 2077 patriae
1632 2031 1717 2064 mores
1736 2016 1857 2066 ferendos
1878 2035 1941 2069 esse.
1971 2019 2024 2072 Sed
2042 2021 2107 2073 baec
2124 2037 2202 2087 prae·

1287 2089 1361 2142 cepta
1377 2094 1437 2127 suas
1455 2089 1536 2130 metas
1560 2083 1670 2146 habeut,
1689 2086 1807 2136 Feteuda
1833 2096 1871 2136 est
1894 2091 2006 2140 seruitus
2030 2093 2086 2140 sitio
2107 2089 2202 2156 impie·

1284 2155 1346 2198 tate.
1383 2148 1445 2197 Nou
1463 2151 1600 2214 probanda
1619 2161 1659 2203 est
1676 2154 1854 2215 idolomania‚
1880 2173 1933 2207 uon
1951 2159 2087 2227 Euangelij
2106 2162 2202 2234 huten

1285 2217 1498 2279 extinguendum.

1318 2286 1423 2335 Deinde
1442 2303 1487 2335 eur
1506 2289 1580 2338 uobis
1604 2292 1749 2356 aduersarii
1774 2297 1858 2344 nostri
1882 2298 2071 2347 concionantur
2094 2299 2127 2347 de
2149 2299 2214 2358 hac⁴

1285 2356 1474 2417 moderatione,
1494 2375 1552 2406 eum
1570 2361 1619 2424 ipsi
1637 2363 1740 2411 interim
1759 2365 1838 2426 ciues,
1858 2373 1883 2414 et
1901 2367 2015 2417 membra
2039 2367 2141 2417 Christi
2157 2367 2202 2419 itt·

1284 2424 1421 2474 terficiunt.
1464 2427 1553 2475 Facile
1579 2440 1687 2491 possent
1714 2434 1812 2481 sarcire
1839 2436 2018 2496 concordiam,
2046 2442 2073 2484 11
2097 2432 2199 2486 ordinis

1286 2496 1451 2543 autoritatem
1469 2498 1544 2555 trieri,
1563 2512 1585 2546 st
1603 2500 1717 2548 uitiosos
1737 2504 1819 2549 cultus
1837 2513 1863 2550 11
1881 2505 1989 2554 iniustas
2014 2504 2086 2569 leges
2108 2506 2215 2555 abolev

1283 2574 1350 2614 rent.
1386 2564 1463 2612 Nune
1482 2566 1607 2616 dimicant
1623 2583 1678 2617 non
1696 2572 1728 2617 tle
1746 2572 1880 2621 Ecclesiae
1898 2575 1995 2635 salute,
2012 2576 2059 2625 sed
2086 2576 2119 2625 de
2143 2577 2200 2626 soit

1286 2633 1379 2696 opibus
1397 2642 1423 2682 et
1441 2636 1628 2700 uoluptatibus,
1645 2636 1746 2688 Nolunt
1768 2640 1926 2705 reprehendi
1949 2641 2149 2711 εἰδωλομανίας
2170 2647 2202 2697 111

1276 2702 1370 2752 ..111111
1389 2711 1414 2750 11
1433 2704 1600 2754 inuocatione
1618 2715 1790 2771 mortuorunt,
1808 2713 1868 2773 quia
1887 2714 1979 2763 nolunt
2002 2714 2112 2764 dintinui
2137 2728 2201 2777 qne·

1285 2779 1359 2832 stunt,
1378 2771 1521 2822 deictiduut
1539 2790 1619 2838 uagas
1643 2779 1779 2839 hbidiues,
1807 2782 1868 2842 quia
1893 2783 2037 2831 coelibatus
2066 2789 2105 2831 est
2127 2784 2201 2833 utilis

1285 2841 1429 2891 retinendis
1447 2843 1548 2905 opibus.
1583 2846 1657 2895 llaec
1675 2861 1751 2895 nemo
1770 2863 1824 2896 nott
1849 2851 1933 2912 uidet,
1960 2850 2046 2910 Quare
2071 2853 2128 2901 illas
2152 2852 2201 2902 Se-

1285 2913 1401 2961 natorias
1420 2914 1559 2962 1111111111
1579 2919 1708 2977 omittant,
1726 2919 1752 2965 in
1771 2920 1873 2980 quihus,
1892 2929 1920 2968 nt
1938 2921 2024 2971 uerbis
2049 2928 2107 2970 utar
2131 2920 2203 2971 Poe·

1285 2986 1329 3028 tae
1349 2983 1586 3059 aeterisuotptaot}
1622 2980 1742 3048 λόγοισιν
1766 2986 1870 3055 αἰσχρὰ
1894 2985 2103 3058 μηχανώμενοι,
2132 2988 2202 3056 Spe·

1286 3050 1357 3098 closo
1376 3059 1497 3114 pretextu
1514 3068 1569 3101 nott
1586 3055 1725 3104 toleranda
1743 3056 1842 3120 flagitia
1860 3061 2015 3108 conlirmure
2032 3061 2147 3110 student.

1320 3120 1424 3184 Ailijcio
1450 3128 1476 3169 ct
1499 3121 1606 3171 alteram
1625 3125 1785 3174 dei'ettsiottis
1805 3135 1910 3177 nostrae
1935 3137 2033 3192 partem
2061 3144 2151 3178 ueram
2176 3137 2203 3179 et

1286 3190 1439 3252 simplicem,
1458 3188 1518 3239 Nou
1536 3193 1643 3240 laoitous
1662 3184 1808 3261 tlattpxt'ittt.
1839 3198 1970 3247 llocentus
1990 3200 2102 3247 maxime
2120 3212 2202 3248 uene-

1285 3259 1394 3306 randum
1414 3273 1470 3306 esse
1488 3263 1656 3311 minioerium
1680 3264 1831 3330 Euangelij‚
1857 3275 1883 3314 et
1907 3267 2082 3316 obedientiam
2105 3268 2129 3316 11
2154 3268 2201 3316 de-

1285 3326 1350 3388 beri,
1369 3330 1396 3376 iu
1414 3327 1453 3376 liis
1471 3344 1536 3392 quae
1553 3334 1627 3380 iuxta
1644 3330 1816 3396 Euatigeliuiu
1833 3339 1941 3400 propria
1958 3342 2018 3385 sunt
2043 3337 2098 3386 eius
2121 3337 2201 3388 mim·

1285 3399 1368 3462 sterij.
1406 3397 1503 3460 Impius
1523 3409 1548 3448 ct
1566 3405 1726 3450 execrandus
1745 3413 1791 3464 est,
1809 3408 1853 3468 qui
1873 3406 2099 3470 speciosospedes
2116 3421 2201 3457 euan-

1287 3468 1454 3531 gelia-antium
1472 3483 1571 3530 pacem,
1591 3485 1643 3520 nou
1663 3483 1810 3521 teucreiiter
1834 3476 1937 3538 exeipit.
1974 3475 2078 3523 Deinde
2101 3483 2128 3525 ct
2152 3492 2201 3541 po·

1285 3537 1359 3585 litica
1376 3543 1498 3599 potestus,
1517 3555 1582 3603 iprae
1601 3541 1715 3601 gladium
1739 3545 1820 3603 gerit,
1840 3552 1932 3593 ornata
1956 3553 1994 3593 cst
2017 3546 2115 3595 nostris
2138 3545 2202 3596 lite·

1285 3608 1330 3656 ris.
1367 3607 1458 3668 ltaque
1477 3608 1509 3655 dc
1527 3611 1668 3670 Aiiarchia,
1687 3612 1779 3661 laisum
1797 3613 1894 3661 eritneu
1913 3621 1960 3663 111,

1319 3676 1395 3724 Nunc
1419 3677 1496 3725 uenio
1521 3680 1555 3727 ad
1579 3684 1742 3743 apricationem
1766 3685 1927 3746 propositam
1949 3684 1982 3731 de
2005 3682 2109 3746 legibus
2133 3682 2201 3747 Ept-

1286 3758 1438 3808 seopottuu,
1457 3747 1488 3794 de
1508 3748 1599 3810 quibus
1619 3752 1729 3814 prituum
1748 3753 1859 3800 lcitentla
1877 3761 1916 3801 cst
1933 3753 2025 3815 regule
2043 3752 2202 3817 certissima,

1286 3816 1356 3877 quod
1375 3816 1473 3865 tietuini
1492 3818 1568 3865 liceat
1587 3820 1700 3868 condere
1724 3822 1794 3882 leges
1820 3828 1963 3884 pugnantes
1988 3837 2046 3870 curti
2069 3822 2202 3871 mandatis

1283 3883 1344 3932 Dei.
1380 3883 1451 3932 Nota
1469 3893 1507 3934 cst
1526 3888 1594 3936 enirn
1613 3889 1688 3938 l'auli
1713 3892 1851 3939 setitctitia.
1887 3890 1916 3941 Si
1942 3892 2052 3953 angelus
2077 3892 2201 3943 coelestis

1284 3953 1356 4002 aliud
1379 3952 1552 4016 Euatigcliuiu
1581 3959 1688 4019 doceat,
1715 3960 1855 4008 aiiutltcnttt
1881 3960 1922 4009 sit.
1959 3960 2003 4009 Ex
2029 3961 2080 4008 hoc
2104 3958 2202 4010 funda-

1283 4030 1381 4083 tuente,
1403 4026 1474 4085 quiid
1492 4026 1595 4079 firmum
1613 4037 1639 4076 et
1663 4030 1796 4078 immotum
1822 4039 1874 4092 est,
1897 4029 1974 4078 111111
2000 4030 2085 4079 extrui
2110 4036 2204 4081 cerem

1284 4100 1401 4157 possunt.
1436 4095 1491 4144 Iam
1509 4104 1561 4144 tres
1586 4098 1692 4147 ordines
1715 4109 1775 4147 suut
1799 4099 1963 4149 decretorum
1987 4098 2202 4163 l'oiitilleiorum,

1284 4160 1421 4221 Quaedam
1439 4163 1544 4214 tlcercta
1560 4173 1657 4230 cogunt
1674 4183 1789 4231 peceare,
1808 4176 1836 4217 nt
1854 4170 1897 4217 lex
1917 4169 1949 4216 de
1969 4168 2108 4229 coelibatu,
2125 4166 2202 4232 leges

1283 4232 1317 4280 de
1334 4232 1442 4295 priuatis
1462 4232 1566 4294 Missis,
1586 4237 1614 4284 in
1638 4238 1730 4300 quibus
1754 4236 1783 4285 fit
1807 4237 1906 4286 oblatio
1933 4245 1959 4285 et
1984 4237 2124 4302 applicatio
2148 4252 2201 4302 pro

1283 4301 1352 4348 uiuis
1372 4309 1397 4348 et
1415 4304 1532 4365 mortuis,
1551 4312 1576 4353 ct
1595 4306 1683 4368 opinio
1702 4307 1963 4357 transsubstantionis
1981 4306 2109 4355 uicissem
2133 4306 2203 4357 ado·

1283 4372 1412 4418 rationem
1437 4372 1519 4436 parit,
1544 4376 1666 4424 mandata
1694 4376 1727 4424 de
1758 4377 1925 4427 inuocatione
1949 4383 2118 4425 mortuoram.
2155 4375 2204 4427 De

1282 4438 1325 4487 bis
1343 4440 1445 4502 legibus
1462 4442 1540 4492 facile
1565 4454 1603 4492 est
1626 4446 1763 4506 iudiciuin,
1788 4447 1849 4508 quia
1874 4447 1943 4495 cuitu
1967 4454 2056 4509 aperto
2079 4452 2203 4509 pugnant

1284 4523 1341 4558 cunt
1359 4512 1488 4560 attitulatis
1507 4513 1568 4572 Dei,
1587 4515 1679 4577 regula
1695 4517 1826 4579 sequenda
1846 4524 1885 4564 cst
1903 4515 2098 4577 Apostolorum,
2113 4511 2202 4579 tlpor-

1283 4586 1321 4627 111
1338 4578 1396 4627 Deo
1416 4582 1496 4643 magis
1515 4583 1623 4631 obedire
1642 4598 1717 4645 quatu
1736 4585 1891 4639 homiuibus.

1318 4646 1451 4698 Secundus
1471 4651 1536 4699 ordo
1557 4659 1595 4700 est
1613 4654 1714 4713 rituum,
1735 4656 1778 4715 qui
1798 4655 1831 4702 de
1859 4652 1935 4701 rebus
1962 4665 2009 4700 sea
2029 4658 2122 4700 natura
2144 4664 2202 4701 me·

1285 4717 1334 4783 dijs
1354 4719 1503 4783 loquuntur,
1522 4728 1550 4769 ut
1567 4734 1627 4770 suut
1644 4721 1714 4784 leges
1734 4725 1766 4770 de
1792 4724 1908 4772 ciborum
1933 4728 1960 4770 et
1985 4722 2083 4770 dierum
2106 4720 2202 4770 discri-

1284 4787 1362 4848 mine,
1381 4797 1406 4838 ct
1424 4790 1549 4838 similibus
1567 4791 1654 4851 rebus,
1673 4790 1738 4839 Cum
1757 4792 1798 4841 bis
1818 4792 1894 4842 rebus
1914 4790 2044 4840 adduntur
2061 4790 2202 4855 opiniones

1284 4856 1375 4917 111111,
1407 4873 1460 4907 non
1486 4861 1537 4907 iam
1567 4867 1626 4909 sunt
1653 4861 1763 4913 mediae.
1800 4862 1916 4911 Assuunt
1941 4866 2028 4910 autem
2054 4859 2200 4925 aduersari]

1285 4927 1330 4990 1111]Ι
1358 4928 1454 4992 inagis,
1478 4930 1522 4995 alij
1552 4931 1637 4978 atinus
1666 4929 1793 4979 absurdas
1818 4931 1968 4993 opiniones,
1994 4929 2075 4978 laites
2101 4934 2203 4992 1111111,

1285 5005 1392 5060 propter
1411 5013 1474 5061 quas
1493 5008 1519 5047 et
1536 4999 1608 5063 leges
1626 4999 1687 5047 illae
1706 5009 1731 5048 et
1749 5003 1814 5049 ritus¹
1826 5000 2045 5064 abijciendisnnt,
2057 5011 2089 5046 ne
2104 4997 2202 5047 confir·

1284 5074 1386 5117 mentor
1414 5068 1507 5120 uiciosi
1533 5071 1625 5120 cultus.
1660 5068 1768 5118 Plurimi
1791 5069 1894 5133 fingunt
1921 5082 2002 5135 opera
2027 5066 2202 5119 humanatum

1284 5135 1464 5200 traditionum,
1482 5145 1511 5187 ut
1528 5138 1720 5188 satislactiones
1740 5149 1766 5187 et
1784 5139 1887 5201 similia,
1905 5139 2000 5187 mereri
2018 5137 2203 5187 remissionem

1284 5214 1466 5271 peecatorum,
1492 5207 1566 5257 llaec
1589 5209 1679 5272 opinio
1701 5214 1790 5274 aperte
1814 5208 1881 5258 salsa
1904 5214 1955 5268 est,
1982 5206 2105 5256 transfert
2127 5207 2202 5256 enim

1284 5274 1438 5325 beneficium
1462 5275 1558 5327 Christi
1581 5278 1610 5326 in
1633 5276 1759 5329 humanas
1786 5277 1960 5337 ceremonias,
1986 5273 2043 5327 Nee
2070 5290 2134 5343 opus
2157 5281 2203 5326 111

1284 5345 1365 5408 longa
1381 5345 1546 5408 1111111111,
1565 5361 1618 5396 uno
1635 5345 1712 5397 Pauli
1734 5347 1840 5397 1111111111
1864 5344 1982 5397 conanti
2003 5346 2092 5395 simus.
2128 5342 2203 5414 Etia-

1284 5415 1432 5466 1111111111
1451 5428 1467 5465 e
1485 5415 1606 5478 Christo,
1624 5416 1669 5481 qui
1686 5414 1715 5466 itt
1732 5416 1791 5481 lego
1809 5414 2000 5480 testificamini,
2022 5412 2158 5465 excidistis
2183 5427 2202 5464 a
