4808 6204
214 467 219 472 ·
265 433 332 499 259
721 430 833 498 pull.
851 431 955 498 Man.
978 429 1165 498 SCRIPTA
1187 428 1455 499 poematica
1478 427 1534 496 ΕΤ
1556 428 1829 501 SYlllBOLICA.
2185 479 2189 486 .
2215 427 2284 494 260

424 621 484 685 llis
503 623 701 704 praemissis,
720 641 816 693 nuuc,
833 623 1008 703 priusquam
1028 621 1066 684 ad
1083 621 1257 684 Editioneur
1277 617 1493 683 consessionis
1513 620 1625 684 latinae
1643 621 1741 702 ipsam
1759 620 1983 703 progredimur,
2008 619 2282 683 Melanthonis

267 708 508 786 staefutioneru
527 709 571 770 od
589 708 723 770 lectores
741 711 770 769 ei
788 709 966 789 praelixam,
986 728 1167 789 quemquam
1187 709 1216 769 in
1235 708 1326 770 huius
1338 706 1484 789 Corporis
1502 706 1577 769 Vol.
1597 706 1632 768 lb
1651 728 1680 789 p.
1701 712 1883 770 445-447.
1903 709 1962 771 iarn
1980 727 2091 770 recusa
2100 712 2163 780 est,
2172 707 2283 779 iterum

266 797 470 859 recudendam
492 817 648 867 curamus,
666 802 699 857 ut
717 795 822 857 lectori
841 815 878 856 eo
898 795 1019 857 lucilius
1039 797 1068 856 in
1086 803 1205 876 promtu
1223 796 1272 856 sit.
1896 815 1897 819 ¹

1104 1032 1187 1100 „AD
1210 1032 1453 1100 LECTORES.

426 1190 510 1251 Haec
533 1189 689 1251 consessio
713 1208 840 1270 prorsus
864 1190 1073 1270 ignorantibus
1096 1191 1284 1271 principibus
1309 1191 1360 1270 qui
1386 1210 1453 1250 earu
1478 1187 1604 1252 Caesari
1628 1190 1844 1262 exhibuerunt,
1874 1192 1912 1252 ab
1943 1209 2033 1251 avaro
2062 1189 2164 1270 aliquo
2193 1197 2282 1270 typo·

180 1309 183 1313 ⁴
268 1277 395 1359 grapho,
413 1285 483 1338 ante
502 1277 582 1336 duos
599 1296 726 1337 meuses
744 1275 900 1356 publicata
918 1284 977 1338 est.
1022 1275 1064 1338 Et
1081 1277 1122 1338 ita
1141 1296 1256 1337 excusa
1274 1285 1337 1349 est,
1357 1284 1390 1338 ut
1407 1275 1511 1338 multis
1531 1278 1560 1337 in
1578 1276 1657 1338 locis
1676 1284 1820 1358 appareat
1843 1276 1883 1337 de
1910 1276 2060 1338 industria
2088 1277 2282 1357 depravatam

268 1384 353 1426 esse.
400 1360 478 1426 Cum
498 1371 598 1425 autem
617 1363 785 1443 principes,
805 1383 863 1424 nec
881 1363 908 1422 si
927 1361 1035 1435 velint,
1055 1371 1170 1443 queant
1187 1383 1253 1423 eam
1273 1384 1352 1424 nunc
1370 1385 1388 1424 e
1406 1363 1546 1426 manibus
1564 1362 1717 1426 hominum
1737 1370 1928 1444 extorquere,
1947 1370 1979 1426 et
1995 1371 2095 1425 tamen
2113 1361 2283 1444 pericnlum

268 1452 327 1520 sit,
347 1471 386 1511 ne
403 1450 531 1510 mendae
549 1448 637 1520 illae,
663 1450 776 1531 primae
800 1449 945 1511 editionis
976 1451 1091 1531 pariant
1114 1469 1210 1510 novas
1235 1449 1418 1521 calumnias,
1444 1469 1577 1510 necesse
1602 1449 1658 1511 luit
1686 1452 1871 1529 recognitam
1901 1456 1932 1511 et
1961 1450 2150 1511 emendatam
2180 1447 2281 1510 denuo

269 1535 374 1608 edere,
394 1538 465 1615 quia
483 1557 547 1597 uon*
562 1534 664 1597 solum
683 1536 721 1598 ad
741 1536 996 1597 existimationem
1016 1537 1199 1617 principum,
1217 1536 1384 1598 sedetiam
1404 1536 1442 1596 ad
1461 1534 1637 1616 religionem
1656 1539 1800 1617 pertinet,
1818 1543 1984 1618 praestare,
2003 1556 2041 1598 ne
2059 1537 2195 1617 ipsorum
2212 1536 2283 1596 titu-

212 1645 221 1663 ‘
267 1621 308 1685 lis
327 1629 507 1704 spargantur
525 1623 555 1683 in
573 1621 684 1703 vulgus
702 1622 795 1683 huius
813 1624 937 1702 generis
965 1623 1115 1683 mendosa
1142 1624 1264 1704 scripta.
1309 1620 1414 1697 Quare
1438 1642 1518 1683 nunc
1546 1624 1711 1685 emittimus
1736 1624 1831 1704 probe
1854 1630 1887 1684 et
1908 1621 2070 1704 diligenter
2093 1621 2281 1704 descriptam

269 1709 512 1779 mascaronem,
531 1730 569 1770 ex
589 1709 754 1789 exemplari
773 1710 871 1769 bonae
891 1707 970 1768 [idei.
1005 1709 1187 1770 Addidimus
1207 1718 1238 1771 et
1254 1709 1455 1789 Apologiam,
1474 1729 1553 1790 quae
1571 1711 1662 1770 etiam
1682 1706 1776 1775 Caes.
1793 1707 1948 1770 Maiestati
1967 1709 2071 1772 oblata
2087 1714 2146 1772 est.
2182 1705 2279 1769 Vere

268 1797 375 1860 bantur
400 1797 479 1856 enim
499 1794 646 1867 futurum,
664 1804 698 1856 ut
715 1794 787 1855 alibi
807 1795 947 1856 ederetur
964 1813 1022 1855 non
1042 1793 1202 1871 foelicius,
1220 1814 1310 1876 quam
1329 1795 1412 1856 edita
1430 1803 1480 1856 est
1498 1794 1666 1856 consessio.
2193 1790 2196 1794 ’

427 1880 618 1962 Quamquam
638 1887 738 1942 autem
757 1881 922 1942 adversarii
940 1879 1053 1960 placari
1072 1882 1177 1952 nolint,
1194 1889 1295 1943 tamen
1315 1900 1477 1963 speramus
1496 1902 1603 1943 omnes
1622 1882 1721 1944 bonos
1739 1903 1776 1944 ac
1792 1881 1958 1963 prudentes
1976 1880 2059 1942 viros
2076 1880 2191 1961 ubique
2208 1899 2281 1960 gen·

269 1971 345 2033 tiurn
363 1968 413 2029 his
431 1967 547 2030 libellis
566 1968 667 2040 lectis,
686 1967 897 2029 intellecturos
916 1986 990 2027 esse
1009 1969 1092 2049 qnod
1110 1967 1225 2030 nullum
1245 1968 1355 2049 dogma
1373 1976 1477 2030 contra
1495 1969 1683 2030 autoritatem
1703 1970 1870 2050 scripturae
1895 1974 2022 2038 sanctae
2045 1974 2077 2029 et
2101 1964 2282 2028 Catholicae

271 2054 435 2119 Ecclesiae
453 2056 661 2136 profiteamur,
680 2053 744 2115 Sed
764 2054 846 2134 qnod
865 2056 958 2115 nostri
978 2056 1091 2135 optimo
1110 2057 1174 2116 inre
1193 2055 1340 2136 quosdam
1359 2056 1476 2115 abusus
1495 2054 1757 2136 reprehenderint,
1783 2063 1816 2117 et
1832 2055 2004 2135 praecipuis
2021 2052 2101 2114 locis
2125 2051 2282 2115 doctrinae

272 2139 484 2212 Christianae,
503 2144 555 2223 qui
574 2141 612 2201 ad
636 2141 667 2202 id
690 2148 813 2222 tempus
839 2141 1112 2221 perniciosissimis
1137 2142 1331 2223 opinionibus
1354 2143 1452 2202 obruti
1478 2141 1610 2212 lucrant,
1640 2141 1741 2203 lumen
1771 2141 1935 2207 attulerint.
1978 2138 2028 2201 De
2058 2141 2179 2201 iusticia
2208 2139 2281 2201 fidei

271 2231 374 2291 omnia
390 2226 519 2309 templa,
539 2229 735 2299 monasterie,
754 2226 900 2304 scholae,
919 2226 1050 2308 denique
1068 2226 1136 2289 libri
1161 2248 1267 2289 omnes
1295 2225 1508 2309 theologorum
1538 2230 1702 2293 recentium
1726 2235 1815 2288 antea
1838 2229 1912 2289 muti
1941 2233 2035 2288 erant.
2081 2223 2113 2286 ln
2142 2225 2280 2309 doctrina

270 2317 478 2398 poenitentiae
496 2335 645 2394 nusquam
663 2315 836 2376 tradebatur
853 2321 935 2375 certa
952 2321 984 2374 et
1002 2314 1084 2374 firma
1101 2313 1275 2375 consolacio
1295 2316 1557 2375 conscientiarum.
1584 2313 1684 2375 Nemo
1704 2315 1834 2376 docebat
1850 2321 1977 2396 peccata
1996 2313 2107 2374 remitti
2118 2331 2172 2394 per
2190 2312 2281 2374 fidem

271 2389 487 2465 &Christum
533 2399 678 2463 Doctrina
695 2400 940 2462 satisfactionum
960 2401 1131 2461 carnificina
1153 2407 1218 2461 erat
1235 2402 1499 2464 conscientiarum.
1543 2400 1740 2463 Sacramenta
1756 2402 1848 2482 impie
1871 2399 2058 2482 prophanata
2079 2404 2167 2470 sunt,
2191 2405 2282 2480 post·

272 2508 362 2570 quam
380 2494 504 2569 recepta
521 2495 570 2548 est
588 2488 706 2567 opinio,
726 2486 807 2567 quo'd
826 2507 864 2548 ex
882 2506 973 2566 opere
992 2495 1115 2566 operato
1134 2488 1308 2550 iustificent
1351 2487 1393 2550 Et
1411 2486 1489 2548 baec
1507 2488 1608 2568 opinio
1626 2488 1789 2550 doctrinam
1810 2485 1879 2548 fidei
1902 2507 2029 2568 prorsus
2053 2485 2225 2567 oppressit,
2250 2491 2283 2547 et

270 2573 469 2656 multiplicem
489 2572 691 2636 ldololntriam
709 2573 835 2654 peperit.
880 2571 1072 2635 'traditiones
1090 2574 1239 2635 humanae
1256 2572 1327 2655 plus
1346 2594 1435 2654 quam
1455 2572 1616 2655 labyrinthi
1633 2581 1729 2645 erant,
1749 2575 1820 2655 quia
1836 2574 1943 2655 partim
1961 2570 2093 2634 ludaicis
2116 2590 2154 2632 ac
2175 2590 2281 2652 super·

270 2661 428 2736 sticiosis,
446 2662 554 2742 partim
571 2661 737 2742 tyrannicis
755 2659 1076 2741 interpretacionibus,
1095 2661 1125 2721 in
1152 2661 1296 2723 inlinitum
1321 2668 1430 2722 anctae
1456 2660 1583 2723 luerunt.
1627 2658 1744 2723 Postea
1771 2659 1917 2722 relaxatio
1947 2659 2138 2722 traditionum
2168 2656 2282 2720 collata

271 2746 331 2810 luit
346 2747 386 2808 ad
404 2755 557 2828 questum.
602 2746 689 2808 llaec
706 2747 786 2808 vicia
803 2748 898 2808 nostri
918 2747 1184 2828 reprehenderunt,
1205 2768 1263 2809 uon
1283 2755 1317 2809 ut
1334 2745 1588 2809 Ecclesiasticam
1613 2747 1749 2829 politiam
1773 2747 1995 2817 dissolverent,
2024 2744 2083 2807 sed
2100 2751 2134 2806 nt
2149 2743 2279 2826 gloriam

271 2830 389 2899 Christi
408 2833 607 2906 illustrarent,
626 2841 660 2896 ut
683 2832 883 2914 Evangelinm
907 2835 1025 2895 nativae
1048 2835 1169 2915 puritati
1194 2837 1404 2906 restituerent,
1433 2841 1467 2896 ut
1494 2835 1555 2916 piis
1585 2835 1783 2896 conscientiis
1811 2832 2015 2896 consulerent.
2060 2831 2170 2912 Neque
2198 2850 2281 2891 nunc

271 2928 405 3004 possunt
422 2921 566 2982 deserere
584 2920 779 3002 patrocinium
801 2921 946 2992 veritatis,
966 2941 1034 2981 cnm
1052 2917 1197 2982 Christus
1216 2922 1312 2997 dicat,
1330 2919 1440 2982 Omnis
1462 2922 1513 3001 qui
1535 2921 1726 2983 confitebitur
1744 2940 1793 2982 ma
1818 2941 1917 2982 coram
1942 2918 2133 2988 bominibus,
2157 2918 2282 2980 confite·

270 3009 328 3072 bor
345 3015 376 3069 et
393 3027 452 3090 ego
471 3029 540 3070 eum
560 3028 660 3069 coram
677 3015 763 3088 patre
781 3027 867 3079 meo,
888 3008 939 3087 qui
959 3010 987 3067 in
1012 3006 1109 3068 coelis
1133 3015 1193 3070 est.
1239 3009 1299 3083 Qui
1323 3014 1423 3069 autem
1443 3010 1599 3088 negaverit
1622 3029 1672 3070 me
1693 3028 1794 3070 coram
1812 3005 2004 3078 hominibus,
2030 3005 2148 3085 negabo
2167 3010 2198 3065 et
2220 3021 2281 3084 ego

143 3124 145 3131 ,
272 3115 341 3158 enm
360 3115 459 3156 coram
478 3102 562 3176 patre
581 3115 666 3171 areo,
692 3095 743 3174 qui
767 3095 796 3155 in
822 3094 919 3155 coelis
942 3101 1003 3156 est.
1047 3093 1137 3155 Nunc
1154 3094 1244 3175 igitur
1266 3114 1407 3175 rogamus
1437 3113 1543 3154 omnes
1562 3095 1661 3155 bonos
1680 3096 1774 3163 viros,
1794 3115 1832 3156 ne
1850 3093 1890 3155 do
1908 3094 2014 3164 nobis,
2034 3099 2148 3154 tantum
2166 3109 2205 3151 ex
2230 3089 2283 3153 ad·
2372 3134 2376 3139 -

270 3183 474 3247 versariorum
498 3181 620 3262 scriptis
638 3186 691 3242 aut
714 3180 896 3242 clamoribus
920 3180 1063 3242 indicium
1087 3179 1211 3251 iaciant,
1231 3183 1283 3261 qui
1301 3182 1385 3243 miris
1409 3180 1530 3242 technis
1555 3187 1588 3242 et
1608 3178 1770 3243 calumniis
1794 3181 1949 3242 veritatem
1975 3181 2102 3240 obruere
2127 3181 2283 3253 conantur,

238 3322 245 3331 .
271 3268 329 3331 sed
348 3270 430 3350 quod
448 3270 670 3350 aequissimum
696 3275 763 3340 est,
797 3267 919 3328 audiant
948 3286 1005 3328 nos
1030 3286 1153 3346 quoqne
1181 3275 1214 3328 et
1231 3287 1353 3328 censam
1383 3273 1477 3328 totam
1507 3274 1704 3349 cognoscant,
1726 3287 1805 3350 quae
1829 3288 1897 3328 cnm
1920 3266 1960 3329 ad
1989 3263 2114 3344 gloriam
2143 3262 2212 3335 dai,
2242 3260 2284 3325 ed

129 3380 142 3390 ·
268 3353 462 3436 religionem,
481 3363 513 3418 ct
529 3355 569 3416 ad
585 3353 717 3417 salutem
735 3356 898 3415 animarum
915 3355 1079 3434 pertineat,
1097 3354 1209 3415 nemini
1228 3354 1320 3415 debet
1338 3374 1412 3414 esse
1430 3355 1563 3434 ignota«

424 3441 510 3504 Hanc
528 3440 768 3519 Praefationem.
783 3440 827 3500 nd
844 3439 976 3501 tectores
991 3441 1022 3502 in
1039 3437 1182 3501 Editions
1199 3441 1335 3521 principe
1353 3440 1553 3521 subsequitur
1569 3440 1638 3521 ipsa
1656 3439 1820 3516 Confessio
1839 3435 1954 3508 latim,
1973 3455 2062 3516 qnam
2080 3452 2160 3494 nnnc
2179 3433 2284 3499 denae

270 3527 391 3593 edimus
410 3549 478 3592 cum
496 3530 589 3589 variis
607 3527 794 3589 lectionibus
810 3546 830 3587 a
850 3524 1028 3598 Webero,
1047 3523 1073 3587 F
1081 3535 1352 3588 oerstemanno
1370 3533 1402 3589 et
1418 3548 1437 3589 a
1454 3546 1504 3588 me
1522 3527 1590 3606 ipso
1609 3524 1761 3587 collectis.

426 3614 560 3696 Georg.
580 3612 699 3676 Gottl.
718 3613 908 3675 Weberus
927 3614 1006 3674 enim
1025 3615 1054 3674 in
1075 3616 1165 3690 bruto
1187 3635 1218 3678 eu
1238 3636 1297 3698 quur
1317 3625 1429 3696 guerteu
1452 3616 1531 3693 {peti
1556 3612 1603 3677 ber
1626 3616 1772 3691 tiritllmeu
1799 3612 1947 3686 (beldridue
1976 3611 2021 3672 ter
2047 3606 2283 3686 ‘tluqipurqtitbeu

260 3702 429 3855 'galeipau
446 3703 536 3785 priori
553 3699 621 3763 loco
641 3699 693 3761 iol.
713 3700 743 3761 A
767 3699 875 3764 2⁸-F
903 3703 935 3760 1¹³
962 3699 1102 3763 exhibuit
1129 3634 1302 3763 inditionem
1332 3702 1465 3779 criticam
1495 3695 1712 3761 Confessionie
1742 3695 1854 3759 latinae
1883 3696 1931 3758 sic
1956 3693 2068 3757 litteris
2097 3689 2281 3755 maiusculis

319 3790 460 3873 criptam:

475 3909 640 3986 Confessio
661 3906 739 3987 fidei
764 3908 769 3991 Ι
795 3906 938 3967 exhibita
960 3905 1117 3968 Inuictire.
1143 3905 1220 3986 lurp.
1247 3906 1366 3970 Carolo
1397 3906 1431 3972 7.
1451 3909 1457 3990 Ι
1479 3896 1611 3968 Caesari
1635 3906 1715 3985 Aeg.
1733 3907 1767 3964 iu
1792 3903 1942 3967 Comicir'e
1966 3903 2065 3983 Augu
2085 3907 2090 3982 t
2109 3905 2178 3960 etue
2194 3918 2280 3961 armo

516 3993 687 4056 MDXXX.
708 3993 713 4079 Ι
731 3996 820 4056 tosta
839 3999 843 4074 Ι
863 3992 1045 4054 Editionerrr
1062 3992 1387 4057 Meloucbtbouiouam
1412 3998 1417 4074 Ι
1437 3996 1615 4073 principem
1639 3993 1644 4073 l
1676 3990 1887 4074 Witteberqac
1909 4009 1992 4055 uano
2014 3983 2185 4049 MDXXX.
2211 3985 2216 4066 l
2243 3987 2280 4046 ἑο

516 4081 758 4226 quartaFforruo
786 4099 930 4140 cecorum
954 4081 959 4162 Ι
986 4099 1051 4140 cum
1077 4080 1082 4164 Ι
1106 4080 1298 4142 norinattboe
1325 4079 1508 4142 lectionibus
1526 4084 1531 4156 Ι
1551 4098 1594 4139 ea
1624 4078 1728 4142 Cndd.
1753 4079 1865 4140 Mrctie
1893 4076 2045 4138 Editioue
2076 4071 2278 4153 antiquiore}

448 4223 453 4229 .
517 4175 608 4249 atque
649 4166 827 4229 achacium.
1401 4192 1405 4201 ·

264 4300 299 4366 ln
322 4302 382 4367 bac
403 4304 462 4369 Ed.
488 4311 602 4367 textum
627 4302 781 4366 Editionis
804 4301 1070 4364 Melanthouianae
1088 4305 1234 4386 principis
1253 4306 1336 4366 iuxta
1354 4301 1526 4385 exemplar,
1557 4302 1640 4384 quod
1669 4304 1699 4366 in
1728 4302 1809 4366 tituli
1835 4303 1894 4365 fine
1922 4302 2031 4367 habet:
2067 4299 2281 4385 Wtrreteruae

264 4390 310 4455 M·
322 4391 367 4456 D.
379 4391 482 4455 XXX.
501 4390 688 4475 (cuiusmodi
705 4391 833 4472 primum
852 4409 951 4469 genus
969 4389 1147 4470 appellavit)
1166 4393 1262 4461 omni,
1281 4411 1341 4473 qua
1359 4391 1421 4452 fieri
1439 4391 1556 4470 potnit,
1575 4409 1647 4450 cura
1663 4395 1755 4470 atque
1772 4388 1930 4469 diligentia
1940 4391 2024 4471 typis
2043 4389 2281 4453 exscribendum

266 4480 397 4550 curavit,
417 4481 509 4560 eique
533 4479 563 4540 in
588 4478 721 4556 margine
746 4476 887 4538 inforiore
911 4475 1029 4538 addidit
1051 4474 1194 4545 lectionis
1219 4479 1394 4541 varietatem
1422 4484 1557 4559 protunc
1587 4474 1740 4538 Codicum
1768 4473 1882 4552 MSS„
1896 4475 2028 4537 'scilicet
2063 4473 2283 4537 Wrmauenea

220 4576 224 4580 ’
265 4569 375 4646 (supra
391 4584 421 4645 p.
442 4569 503 4628 223
524 4587 595 4647 sqq.
613 4585 692 4627 ame
712 4563 892 4643 descripti),
912 4561 1067 4623 Ouotdr'ur‘
1085 4564 1169 4644 (vide
1187 4584 1279 4645 supra
1296 4585 1326 4646 p.
1354 4566 1415 4626 215
1440 4566 1535 4644 sqq),
1554 4562 1745 4635 Deraoor'uui
1761 4568 1804 4640 (v.
1823 4581 1917 4642 supra
1933 4583 1962 4643 p.
1989 4565 2050 4624 215
2068 4566 2134 4641 sq.)
2158 4567 2190 4626 et
2211 4560 2281 4625 lto-

264 4649 484 4733 rimdergeurr'e
502 4653 586 4715 iuxta
601 4651 780 4714 Editinnem
798 4647 961 4712 Panaeti
981 4669 1075 4731 supra
1092 4671 1121 4730 p.
1143 4652 1203 4712 223
1222 4670 1270 4732 sq.
1288 4652 1485 4722 recensitam,
1505 4657 1597 4730 atque
1615 4648 1747 4710 duaraeu
1765 4646 1960 4727 Editioaum,
1979 4666 2088 4730 nempe
2110 4645 2283 4710 Ecle'tr‘our'r

420 4944 498 5002 brudt
515 4948 611 5014 murbe,
631 4950 680 5003 uub
699 4950 775 5016 uuirt
792 4951 838 5004 beu
858 4949 1069 5018 tieriubetuuqru
1088 4950 1114 5004 tu
1133 4951 1152 5004 c
1169 4950 1218 5003 uub
1234 4953 1254 5007 b
1273 4948 1372 5016 (meida
1400 4949 1458 5003 cher
1482 4946 1540 5010 uod)
1559 4947 1673 5011 uiirrub
1692 4951 1736 5005 teo
1760 4945 1856 5002 haurit
1880 4963 1929 5003 uur
1954 4949 1995 5014 tir
2018 4949 2055 5003 ou
2080 4944 2211 5081 iltrbppobl
2236 4954 2281 5005 bec

420 5013 564 5080 acaptare
584 5016 632 5083 [ote
650 5017 684 5083 tq
702 5019 740 5074 ote
759 5017 816 5082 crte
835 5019 953 5088 blottuuq
971 5021 1077 5086 ueuud,
1096 5032 1286 5088 uorqruomuuu
1306 5021 1403 5072 morbru
1421 5019 1476 5084 [epu
1496 5019 1609 5086 migro),
1628 5016 1686 5082 oud
1704 5019 1741 5072 bie
1759 5017 1861 5086 iirtqru
1876 5016 1967 5086 aeger
1986 5019 2029 5072 ber
2045 5016 2143 5083 toteluit
2169 5033 2197 5071 ur
2208 5015 2281 5073 tlon:

419 5082 547 5151 fettlculo
566 5083 622 5148 reru
642 5087 778 5152 culturae
815 5087 905 5142 ebrudt
923 5088 1020 5141 morien
1039 5090 1130 5155 uictu,
1150 5089 1206 5142 eber
1225 5090 1277 5142 etue
1301 5089 1381 5159 ,uero
1403 5088 1522 5156 butgebe
1544 5090 1586 5141 ber
1612 5085 1765 5155 tutetutldpeu
1789 5084 1933 5153 bouletltou
1958 5102 2007 5140 nou
2033 5087 2100 5141 15³0
2123 5086 2148 5139 lu
2177 5090 2201 5139 4.
2228 5102 2279 5142 nou

419 5098 644 5217 uerendum
664 5156 762 5221 ertlttre.
798 5103 872 5225 haur
890 5156 981 5211 rtumol
998 5158 1045 5211 bus
1063 5155 1125 5210 iouu
1147 5171 1206 5211 mou
1224 5153 1364 5211 tbebrr'u
1384 5156 1519 5226 rugetteiu,
1537 5156 1585 5223 toi
1603 5156 1671 5210 bret
1689 5154 1848 5224 orrtqtebeue
1873 5155 2019 5232 Cottuuqru
2043 5168 2093 5210 rou
2113 5153 2280 5219 aremulus

417 5221 494 5288 bloiet
511 5220 767 5293 Drtqtuotsttusqobe
787 5227 813 5280 tu
831 5229 855 5278 4.
875 5224 1016 5287 uerborum
1035 5228 1127 5292 uictu,
1145 5230 1176 5280 bo
1194 5227 1241 5291 bie,
1260 5226 1345 5293 uelde
1366 5241 1391 5280 rr
1409 5228 1445 5280 bie
1463 5227 1535 5280 britte
1553 5229 1640 5293 urunt,
1659 5241 1708 5280 uua
1725 5227 1760 5280 tur
1777 5224 1921 5280 arterium
1939 5209 2066 5291 brilrrbt‘
2096 5227 2126 5280 Et
2143 5239 2167 5291 p.
2185 5227 2227 5280 ³⁷.
2246 5229 2281 5282 de

418 5294 567 5359 genneuica
587 5295 756 5350 confessione
774 5297 851 5351 butus
868 5296 991 5350 lidtttouts
1024 5297 1127 5360 rmcipis
1145 5297 1184 5351 sle
1200 5297 1306 5351 tndtcat=
1327 5324 1376 5359 ,-
1393 5297 1423 5359 3)
1443 5294 1470 5359 ut
1487 5297 1529 5349 ber
1547 5293 1670 5363 raritudo
1689 5294 1856 5350 blittrudem
1875 5292 1997 5359 beuttdrm
2015 5291 2105 5348 serres
2122 5295 2164 5348 ber
2185 5292 2281 5365 nuga

417 5359 574 5488 ¹rqeloupqobr
592 5362 783 5489 Bqtmlborqetp
801 5362 884 5432 {intre
905 5364 969 5415 1631
988 5308 1126 5429 therbamt
1144 5378 1207 5434 quoq
1224 5379 1253 5435 gu
1272 5363 1419 5434 heraclitis,
1438 5363 1580 5433 gelbuetgr
1597 5366 1660 5417 brou
1678 5367 1722 5420 ber
1738 5361 1881 5431 berlindis!
1919 5365 1999 5419 ilnlua
2017 5365 2103 5418 ludicii
2120 5369 2280 5430 emmena

461 5445 493 5487 sn
512 5444 612 5498 sequen
650 5447 716 5489 nse
1226 5452 1228 5457 ¹
1383 5484 1386 5489 ,
