4786 6210
173 272 238 315 W!

263 434 433 501 Damnum
466 434 708 521 Anabaptistas
742 436 799 520 qui
836 436 1038 502 interdicunt
1073 435 1160 501 baec

177 516 288 589 ciuilia
310 518 425 587 officia
446 518 658 587 Christianis.

263 606 432 673 Damnant
454 619 487 671 et
508 603 902 697 illosqulllnangelieam
920 603 1160 692 perfectionem

179 690 450 773 ⁸²)collocartmt
489 694 522 757 in
556 694 747 759 desertione
786 693 931 759 ciuilium
959 692 1160 771 oiiieiorum,

177 802 253 846 cunr
278 778 485 865 Euangeliou
506 776 667 864 perfectio
698 783 741 844 sit
768 777 968 865 spiritualis,
1000 777 1067 846 boe
1095 791 1159 856 est,
1184 763 1190 859 Ι

756 242 799 313 n.
839 194 900 315 εἰ
928 242 1177 314 courrssro
1198 240 1477 313 raoosrms
1494 241 1608 313 resa.

1292 432 1500 500 Damnamus
1523 444 1557 500 at
1580 411 1810 521 origenistas,
1837 436 1894 520 qui
1916 434 2085 503 tinxerant
2110 434 2194 505 llis·

1207 515 1295 586 bolis
1312 534 1344 588 et
1368 523 1534 587 damnatis
1555 520 1655 587 linem
1676 542 1861 606 poenarum
1882 519 2027 589 futurum
2045 542 2133 591 esse.
2146 529 2193 605 ω)

1639 725 1759 793 XVlll.

177 868 344 933 consistat
364 866 399 931 in
428 869 574 930 motibus
598 867 728 944 cordis,
756 867 789 930 in
823 868 941 931 timore
974 864 1055 945 Dei,
1082 865 1189 947 lide‚l
1294 862 1481 930 Delibero
1510 866 1647 929 arbitrio
1672 866 1814 945 docent,
1842 868 1933 953 quod
1960 866 2105 934 bumana
2133 888 2193 935 vo·

177 951 375 1032 dilectione,
408 952 607 1017 obedientia.
660 949 879 1035 Euangelium
908 953 993 1017 enim
1028 952 1159 1017 concio·

177 1051 276 1105 natur
297 1041 339 1105 de
361 1038 505 1125 quadam
528 1050 664 1103 aeterna
687 1039 817 1102 iusticia
841 1040 966 1116 cordis,
988 1037 1060 1102 Nec
1081 1039 1160 1101 abo·

176 1124 225 1191 let
245 1127 376 1191 interim
397 1120 545 1209 politiam
567 1136 625 1188 aut
648 1122 907 1202 Oeconomiam,
929 1124 997 1191 Sed
1019 1124 1160 1188 niaxime

175 1209 327 1298 postulat
349 1230 409 1277 eas
431 1212 465 1275 in
487 1210 553 1275 hae
575 1211 644 1275 vita
667 1208 835 1295 corporali
859 1211 1066 1290 conseruari,
1087 1220 1160 1274 tan·

177 1318 276 1384 qnam
309 1297 535 1363 ordinationes
564 1294 647 1374 Dei,
675 1308 708 1360 et
737 1298 771 1361 in
800 1293 923 1361 talibus
951 1294 1161 1361 ordinationi·

176 1385 242 1450 bus
269 1404 429 1451 exercere
455 1384 636 1448 entitatem.
682 1380 796 1469 ltaque
829 1381 1008 1447 Christiani
1041 1399 1162 1447 neees-

177 1470 268 1535 saria
291 1472 414 1536 dehent
436 1471 573 1535 obedire
596 1471 828 1554 praesentibus
848 1468 1098 1556 magistratibus
1120 1487 1162 1532 ae

176 1555 382 1645 legibus,⁶²)
416 1557 480 1621 nisi
513 1577 587 1621 eum
621 1556 737 1620 iubent
767 1573 930 1639 peecare,
956 1552 1052 1621 Tunc
1074 1555 1161 1619 enim

177 1643 286 1730 magis
309 1644 432 1708 debent
454 1642 592 1708 obedire
612 1639 690 1706 Deo
713 1661 813 1728 quam
831 1639 1034 1720 bominibus
1058 1641 1160 1706 Aeto·

178 1750 263 1796 rum.
285 1729 318 1793 4.
333 1732 380 1807 ⁶⁸)

618 1878 723 1946 xvtt.

262 2020 345 2088 ltem
368 2019 504 2100 docent,
525 2019 617 2106 quod
638 2016 794 2085 Christus
816 2019 992 2105 apparebit
1019 2019 1052 2085 ia
1082 2039 1160 2085 eon·

177 2111 364 2177 romatiana
385 2106 566 2183 mundi‚ud
588 2105 810 2171 iudicandum.
833 2118 1159 2172 etnrortuosomuea

178 2188 410 2272 resuscitabit,
433 2204 466 2258 et
487 2191 678 2257 horninibus
703 2191 771 2278 pijs
787 2195 832 2267 ⁶⁴)
861 2193 953 2258 dabit
979 2193 1081 2257 vitam
1107 2213 1159 2259 ae

177 2296 306 2348 ternam
337 2293 370 2345 et
402 2280 526 2367 gaudia
557 2290 731 2365 perpetua,
745 2282 791 2356 ⁶⁶)
813 2279 935 2364 lmpios
962 2290 1073 2345 autem
1101 2278 1161 2347 bo·

177 2370 282 2435 mines
316 2379 349 2433 et
363 2370 409 2444 86)
444 2362 598 2432 diabolos
631 2366 886 2446 condemnabit,
918 2375 956 2430 vt
987 2365 1061 2432 sine
1092 2364 1160 2431 fiae

177 2457 378 2523 crucientur.

265 2546 312 2625 67)
335 2537 543 2605 Damnamus
571 2536 827 2621 Anabaptistus,
856 2537 911 2623 qui
936 2557 1025 2602 nunc
1054 2534 1160 2602 ludai-

175 2648 236 2694 eas
259 2627 432 2713 opiniones
468 2635 652 2712 spargunt,
680 2622 809 2712 fingunt
834 2635 913 2690 ante
942 2622 1159 2688 resurrectio·

172 2736 264 2794 nem,
280 2718 325 2790 ⁰⁸)
348 2713 422 2797 pias
445 2731 551 2798 regna
572 2711 685 2775 mundi
709 2723 935 2793 occupaturos
963 2730 1061 2789 esse,
1087 2709 1158 2775 rbi·

171 2822 242 2889 qua
275 2796 395 2867 deletis
428 2810 487 2863 aut
516 2797 691 2882 oppressis
731 2797 851 2884 impijs.
907 2794 1042 2863 Scimus
1071 2797 1158 2861 enim

170 2886 267 2974 quod
289 2887 336 2973 pij
366 2884 508 2951 debeant
530 2884 666 2950 obedire
693 2884 930 2970 praesentibus
957 2883 1158 2972 magistrati·

166 2975 255 3053 bus,
276 2994 344 3038 non
367 2972 496 3057 eripere
524 2971 573 3036 eis
602 2970 759 3055 imperia,
787 2991 856 3037 non
884 2971 1049 3055 dissipare
1078 2966 1158 3055 poli·

168 3061 240 3127 tias
263 3079 324 3145 per
346 3057 559 3138 seditionem,
588 3058 667 3143 quia
688 3054 816 3123 Paulus
848 3057 1009 3143 precipit,
1041 3056 1159 3127 Omnis

168 3147 286 3213 anima
318 3144 527 3230 magistratui
555 3164 619 3210 suu
649 3145 785 3209 subdita
811 3145 871 3222 sit,
904 3142 1036 3210 Scimus
1068 3144 1160 3221 item,

170 3234 266 3320 quod
294 3229 452 3298 Ecclesia
479 3232 513 3296 in
540 3230 607 3296 hae
630 3231 697 3296 vita
724 3230 877 3297 subiecta
905 3231 950 3295 sit
983 3231 1093 3309 eruci,
1125 3240 1160 3295 et

216 3321 316 3424 'mum
334 3331 417 3425 post
437 3313 525 3383 bane
546 3319 647 3383 vitam
668 3315 928 3468 plopliticabitur3
957 3317 1053 3421 Siout
1073 3317 1160 3467 Ppp:

174 3404 736 3574 tilttt’..⁰tttt‘..¹ttt.ttt¹
751 3406 1069 3569 tdtttlltt'tt
1089 3424 1161 3556 ul

176 3575 324 3646 balleum
344 3574 491 3644 furorem
513 3596 655 3663 prorsus
678 3579 875 3644 damnamus
897 3586 932 3642 et
952 3596 1157 3643 execramur.

178 3872 225 3939 73)
243 3873 406 3923 collocarunt
429 3875 456 3923 in
481 3873 629 3922 desertione
651 3897 685 3908 -
708 3897 741 3908 -
767 3870 962 3934 magistratibus
984 3885 1015 3919 aa
1038 3869 1158 3937 iegibus]

247 3944 284 3992 εἰσ
301 3943 383 3992 Editt.
406 3942 430 3990 3.
456 3944 498 4003 4.;
520 3942 570 3990 Ed.
598 3942 634 3991 l.:
659 3954 711 3988 non
734 3939 865 3991 collocant
888 3943 913 3990 in
939 3941 1033 3989 timore
1054 3940 1106 3990 Dei
1134 3948 1161 3988 et

246 4011 308 4074 fide,
328 4010 610 4074 --ldegistratibus
628 4011 681 4058 suis
700 4018 727 4057 et
745 4009 856 4070 legibus.
875 4008 944 4072 (uide
960 4024 1039 4074 supro
1054 4027 1080 4076 p.
1100 4009 1160 4059 377.

244 4080 289 4132 lin.
309 4081 349 4130 18.
364 4108 397 4118 -
406 4098 431 4147 p.
456 4082 515 4130 383.
534 4081 576 4129 tia.
603 4081 649 4141 l.).
685 4079 736 4128 Ed.
759 4079 784 4129 2.
809 4094 862 4128 eum
880 4079 930 4128 lid.
953 4080 974 4129 i.
993 4082 1087 4128 omnim
1104 4093 1161 4127 eon·

243 4151 314 4215 ptuit
332 4152 439 4216 exeeptis
456 4147 551 4201 serbis:
570 4149 692 4198 Politiam
710 4154 754 4196 aut
772 4146 969 4209 oeconomiam,
987 4162 1051 4214 puros
1067 4148 1094 4197 s'u
1109 4146 1159 4198 Ed.

245 4220 271 4268 2.
289 4225 385 4267 mutata
404 4226 460 4270 sunt
476 4220 517 4268 s'n:
536 4217 658 4268 Politism
676 4226 702 4266 et
720 4216 918 4280 Oeconomiam

177 4304 224 4370 ta)
243 4306 380 4355 Actorum.
399 4306 437 4369 4.]
455 4307 492 4356 εἰσ
509 4307 590 4355 Editt.
608 4305 633 4353 3.
652 4306 691 4364 4.;
708 4301 789 4353 liditt.
808 4305 832 4352 1.
851 4304 888 4356 A:
907 4307 967 4355 Act
984 4317 1010 4353 r.

1208 950 1320 1017 luntas
1354 950 1476 1016 babeat
1508 949 1652 1037 aliquam
1682 949 1867 1018 libertatern
1902 955 1946 1019 ad
1982 951 2193 1021 efficiendam

1208 1035 1339 1103 ciuilem
1362 1038 1534 1116 iusticiam,
1558 1049 1593 1102 et
1615 1036 1811 1123 deligendus
1824 1044 1869 1119 ³⁰)
1891 1060 1948 1105 res
1971 1042 2091 1106 rationi
2108 1042 2189 1107 sub·

1208 1125 1328 1204 iactas,
1350 1123 1421 1189 Sed
1443 1144 1509 1189 uon
1531 1122 1632 1189 habet
1647 1128 1690 1199 71)
1719 1126 1786 1190 vim
1817 1127 1889 1192 sine
1917 1125 2043 1212 Spiritu
2071 1138 2193 1193 sancta

1208 1205 1405 1277 efficiendae
1426 1210 1577 1275 iusticiae
1598 1208 1792 1294 spiritualis,
1807 1214 1852 1292 ⁷²)
1880 1214 1958 1299 quia
1986 1211 2113 1279 Paulus
2143 1214 2191 1279 di·

1208 1298 1265 1376 cit,
1287 1292 1449 1362 Animalis
1463 1300 1509 1374 ⁷³)
1537 1297 1636 1361 bomo
1664 1318 1731 1363 non
1761 1301 1902 1384 percipit
1935 1318 1976 1364 ea
2002 1308 2193 1387 quaesunt

1208 1382 1343 1466 spiritus
1378 1381 1454 1461 Del,
1470 1385 1515 1457 ⁷⁴)
1533 1381 1576 1446 Et
1605 1381 1760 1448 Christus
1794 1386 1888 1464 dicit,
1913 1386 1993 1452 Sine
2021 1406 2076 1452 me
2109 1382 2193 1452 nihil

1208 1472 1348 1553 potestis
1370 1468 1496 1547 faeere,
1525 1465 1680 1534 lillieitur
1708 1480 1818 1536 autem
1846 1470 2031 1558 spiritualis
2059 1472 2191 1538 iusticia

1208 1558 1370 1635 innubis,
1393 1575 1467 1620 cum
1490 1557 1687 1621 adiuuemur
1708 1577 1729 1621 a
1759 1558 1876 1642 spiritu
1905 1571 2037 1624 saneto.
2083 1556 2192 1624 Porro

1209 1642 1367 1726 Spiritum
1390 1653 1542 1708 sanctum
1565 1642 1790 1727 concipimus,
1813 1664 1887 1710 eum
1911 1647 2016 1711 verbo
2045 1644 2108 1710 Dei
2137 1664 2192 1709 as·

1208 1730 1381 1806 sentimur,
1403 1739 1439 1793 vt
1460 1747 1524 1793 nos
1549 1728 1613 1793 lide
1634 1731 1667 1794 iu
1691 1730 1875 1795 terroribus
1887 1728 2111 1810 consolemur,
2123 1729 2183 1797 Sic

1208 1828 1244 1880 ut
1275 1812 1400 1881 l’aulus
1429 1815 1530 1880 docet
1551 1836 1625 1879 euru
1649 1817 1712 1895 alt,
1734 1814 1782 1880 Vt
1833 1818 2065 1883 remissionem
2096 1819 2193 1902 spiri·

1208 1913 1261 1968 tus
1289 1902 1463 1986 accipiatis
1491 1921 1552 1987 per
1579 1900 1688 1968 titlem.
1704 1906 1749 1981 ⁷⁴)
1825 1924 1885 1967 aec
1914 1905 2050 1970 totidem
2079 1902 2193 1971 verbis

1208 1989 1287 2054 dicit
1309 1988 1518 2075 Augustinus
1539 1987 1627 2053 libro
1650 1989 1747 2054 tertio
1770 1990 2061 2077 llypognostieon.

1292 2073 1382 2139 Esse
1410 2073 1556 2139 fatemur
1581 2071 1722 2140 liberum
1749 2078 1920 2142 arbitrium
1949 2078 2102 2142 omnibus
2129 2077 2191 2142 ho·

1207 2159 1364 2239 minibus,
1385 2159 1516 2225 babens
1540 2161 1671 2246 quidem
1693 2162 1847 2228 iudicium
1868 2164 2019 2242 rationis,
2042 2183 2109 2228 non
2131 2182 2194 2249 per

1208 2247 1298 2333 quod
1321 2247 1364 2310 sit
1386 2246 1541 2312 idoneum
1564 2248 1597 2311 in
1621 2248 1662 2335 ijs
1692 2268 1779 2333 qnae
1805 2248 1848 2313 ad
1877 2246 1984 2314 Deum
2014 2250 2193 2335 pertinent,

1208 2334 1281 2397 sine
1310 2330 1386 2398 Deo
1413 2345 1471 2398 aut
1503 2331 1681 2412 inchoare,
1713 2346 1770 2399 aut
1801 2346 1892 2401 certe
1921 2354 2103 2422 peragere,
2130 2334 2192 2400 sed

1208 2430 1335 2484 tantum
1369 2420 1403 2483 in
1431 2420 1588 2505 operibus
1621 2421 1710 2485 vitae
1742 2423 1950 2507 praesentis,
1980 2434 2047 2487 tam
2078 2421 2190 2501 bonis,

1207 2526 1308 2592 quam
1334 2503 1449 2584 nralis,
1477 2505 1582 2573 Bonis
1611 2505 1706 2590 dico,
1737 2526 1824 2593 quae
1857 2506 1900 2572 de
1928 2510 2018 2573 bono
2051 2520 2190 2572 naturae

1207 2592 1377 2670 oriuntur,
1412 2591 1444 2657 id
1478 2602 1549 2671 est,
1585 2589 1673 2657 velle
1707 2590 1862 2659 laborare
1894 2594 1927 2658 in
1957 2615 2060 2680 agro,
2102 2589 2193 2658 velle

1206 2679 1408 2744 manducare
1428 2690 1461 2744 et
1488 2681 1620 2757 bibere,
1648 2676 1735 2744 velle
1762 2680 1888 2746 babere
1915 2683 2076 2760 amicum,
2103 2677 2192 2746 velle
2282 2758 2285 2763 ¹

1206 2762 1333 2830 habere
1359 2766 1567 2842 indumenta,
1591 2762 1678 2831 velle
1698 2763 1867 2831 fabricare
1884 2766 2028 2845 domum,
2051 2786 2192 2831 uxorem

1207 2848 1297 2917 velle
1329 2853 1467 2931 ducere,
1500 2873 1627 2938 peoora
1659 2853 1802 2931 nuhire,
1840 2863 1945 2917 artem
1979 2853 2113 2918 discere
2142 2852 2191 2918 di·

1206 2958 1378 3005 uersarum
1411 2959 1522 3005 rerum
1551 2941 1731 3018 bonarum,
1764 2935 1853 3005 velle
1876 2939 2033 3025 quicquid
2066 2940 2192 3004 bonum

1205 3024 1250 3091 ad
1281 3036 1493 3111 praesentem
1524 3025 1667 3112 pertinet
1697 3026 1817 3107 vitam,
1849 3045 1936 3112 quae
1972 3024 2083 3091 omnia
2122 3045 2192 3089 non

1205 3111 1279 3177 sine
1325 3110 1437 3179 diuina
1477 3113 1720 3200 gubernatione
1733 3114 1778 3190 76)
1811 3112 2016 3192 subsistunt,
2048 3113 2113 3177 imo
2146 3129 2191 3176 ex

1207 3199 1281 3264 Deo
1295 3202 1340 3281 74)
1362 3211 1396 3267 ct
1416 3219 1479 3285 per
1500 3200 1608 3289 ipsum
1641 3209 1720 3267 sunt
1739 3210 1774 3265 et
1801 3219 1880 3265 esse
1902 3209 2072 3286 ceperunt.
2116 3197 2190 3263 Ma-

1205 3282 1249 3351 lis
1280 3307 1364 3353 vero
1398 3288 1491 3366 dico,
1520 3295 1557 3352 vt
1583 3281 1770 3366 est,·velle
1792 3285 1918 3352 idolum
1947 3282 2078 3365 colere,
2101 3279 2191 3351 velia

1206 3370 1419 3439 homicidium
1447 3385 1509 3439 eto
1524 3376 1569 3452 77)
1610 3374 1704 3440 Haec
1726 3374 1904 3459 Augustini
1930 3372 2096 3437 sententia
2117 3389 2190 3456 pre

1207 3452 1300 3525 clare
1327 3458 1444 3532 docet,
1472 3460 1552 3546 quid
1579 3456 1687 3526 libero
1719 3461 1856 3525 arbitria
1890 3457 2100 3524 tribuendum
2132 3457 2190 3534 sit,

1207 3558 1241 3613 et
1269 3546 1394 3610 diserte
1424 3545 1585 3610 discernit
1611 3542 1742 3612 ciuilem
1771 3542 1979 3629 disciplinam
2005 3564 2068 3610 seu
2095 3563 2190 3608 exer·

1208 3633 1286 3700 eitia
1318 3634 1458 3697 rationis
1496 3629 1678 3711 humanae,
1710 3653 1732 3697 a
1771 3628 1999 3717 spiritualibus
2032 3632 2190 3708 motibus,

1206 3740 1289 3786 vero
1321 3720 1455 3796 timore,
1483 3719 1666 3803 pacientia,
1704 3720 1908 3797 constantia,
1940 3715 2023 3795 ilde,
2057 3720 2190 3780 inuoca-

1207 3810 1317 3885 tione,
1357 3810 1390 3870 in
1428 3805 1622 3890 asperrimis
1655 3805 1892 3870 tentationibus
1932 3805 2018 3868 iuter
2052 3802 2191 3867 insidias

1208 4142 1255 4208 70)
1274 4142 1439 4260 ellialigppdus]
1457 4144 1495 4194 εἰσ
1510 4150 1578 4195 reete
1594 4143 1676 4194 Editt.
1699 4148 1721 4192 l.
1741 4144 1765 4191 2.
1789 4143 1829 4202 4.;
1850 4141 1900 4192 tad.
1926 4140 1951 4191 3.
1980 4148 2031 4208 tpp.
2059 4156 2125 4191 sm:
2149 4141 2192 4189 di·

1298 4226 1350 4274 gen
1370 4225 1398 4261 εε

1207 4298 1254 4361 77)
1272 4294 1360 4366 babet]
1378 4300 1415 4347 εἰσ
1431 4298 1512 4347 Editt
1532 4300 1555 4346 l.
1574 4297 1599 4347 3.
1618 4300 1656 4355 4.;
1676 4296 1725 4346 Ed.
1744 4297 1785 4344 a:
1804 4294 1898 4344 babeat

177 4389 224 4458 34)
243 4398 271 4441 et
287 4391 437 4442 hominihus
460 4392 523 4459 piis]
549 4392 587 4443 εἰσ
612 4391 695 4441 Editt.
720 4390 747 4440 3.
771 4392 814 4455 4.;
835 4389 918 4442 Editt.
943 4391 967 4442 l.
991 4390 1032 4439 2:
1056 4388 1109 4455 pijs
1134 4399 1162 4436 et
1208 4383 1256 4449 77)
1274 4385 1391 4435 insuetae
1408 4379 1570 4450 spiritualia]
1588 4383 1626 4433 εἰσ
1642 4381 1722 4434 Editt.
1740 4382 1766 4433 3.
1785 4383 1826 4444 4.)
1850 4382 1929 4432 Edita
1956 4384 1980 4432 i.
2005 4380 2046 4432 22
2069 4380 2192 4431 inticis·

245 4460 335 4510 electis

179 4544 224 4613 33)
242 4547 341 4666 propilia
358 4546 504 4614 perpetua,]
530 4547 568 4597 εἰσ
588 4521 671 4598 ahto.
696 4546 722 4596 3.
744 4546 785 4609 4.;
807 4544 888 4595 Editt.
913 4546 938 4596 1.
963 4545 1007 4595 A:
1034 4549 1161 4609 perpetus

263 4631 297 4666 aa
328 4631 343 4664 a

188 4700 223 4770 ’3)
242 4630 280 4771 σει]
297 4632 434 4753 εἰσ,Εᾶίἰσ.
455 4703 479 4751 3.
499 4703 539 4762 4.;
558 4698 640 4753 Editt.
661 4704 686 4752 1.
704 4703 745 4755 2:
760 4690 795 4752 ‘se

194 4789 225 4855 i)
243 4788 405 4840 Danaumus
430 4789 631 4852 Anubaptistss,
654 4790 698 4853 qai
721 4815 755 4826 -
773 4815 806 4827 -
824 4786 902 4837 linem
926 4800 1069 4851 poenarum
1092 4784 1160 4834 intu-

244 4872 302 4908 rum
320 4855 397 4924 esse]
416 4859 453 4906 εἰσ
469 4858 552 4907 Editt.
571 4857 597 4909 3.
616 4861 655 4919 4.;
682 4858 767 4909 Editt.
789 4857 868 4907 1.r.:
896 4856 1031 4905 Damnunt
1054 4853 1160 4904 Anabu-

245 4929 530 5057 ξεοίςσεεώιᾳΙσΙί-Ι-Θῑ
554 4927 648 4992 ubique
675 4928 804 4993 oppressis
822 4926 917 4991 impijs.
938 4923 1006 4990 (ride
1031 4939 1109 4990 supro
1131 4940 1158 4991 p.

216 5083 482 5165 tresnrreetionem,]
509 5083 546 5132 sie
570 5088 638 5133 reete
664 5080 716 5132 tta.
735 5083 776 5141 4.;
802 5078 851 5128 Ed.
878 5077 904 5128 3.
931 5058 1030 5144 typapr.
1061 5090 1159 5128 errore:

244 5165 463 5213 resurrexronem,
989 5180 996 5190 ·

241 5238 392 5305 emendam]
409 5239 448 5288 εἰσ
463 5243 530 5289 reete
546 5220 596 5287 Ed.
615 5240 656 5303 4.;
673 5235 724 5288 Ed.
743 5232 768 5286 3.
785 5240 838 5302 tpp.
857 5250 923 5287 ern:
942 5232 1083 5285 amentium

1276 4453 1337 4515 Dei,
1354 4467 1401 4501 seu
1418 4453 1536 4503 iusticias
1554 4452 1704 4517 spiritualis,

1208 4540 1256 4606 73)
1274 4539 1336 4604 qnia
1353 4539 1449 4589 Paulus
1468 4538 1542 4601 dicit,
1564 4533 1704 4606 Animslis]
1726 4538 1764 4590 εἰσ
1785 4535 1867 4586 lidltt.
1884 4535 1910 4587 3.
1929 4537 1972 4599 4.)
1996 4535 2079 4587 Edltt.
2104 4538 2128 4587 t.
2151 4537 2190 4588 A:

1276 4610 1338 4675 quis
1356 4608 1476 4659 minuis

1207 4693 1254 4759 74)
1272 4692 1308 4743 Et
1326 4694 1445 4745 (ibristas
1463 4694 1536 4754 dicit,
1554 4691 1618 4744 Sine
1636 4718 1716 4733 --
1733 4693 1868 4757 recipistis
1885 4691 2187 4758 perddm1ss'eBditt.

1276 4764 1302 4814 3.
1321 4766 1363 4823 4.;
1379 4762 1463 4812 Editt.
1483 4766 1507 4813 l.
1527 4763 1568 4813 2:
1587 4763 1634 4812 sed
1650 4761 1716 4811 husa
1732 4762 1763 4811 at
1780 4765 1807 4813 in
1828 4762 1966 4825 cordibus,
1985 4776 2043 4813 cum
2064 4777 2111 4827 per
2129 4775 2189 4810 var·

1276 4833 1338 4882 bum
1355 4833 1463 4897 spiritus
1480 4840 1584 4882 sanetus
1603 4833 1756 4896 concipitur.

1206 4918 1254 4984 73)
1272 4919 1362 4969 diulus
1379 4918 1579 4985 gubernatione}
1605 4920 1642 4969 sie
1664 4918 1745 4970 liditt.
1764 4919 1790 4968 3.
1810 4918 1848 4983 4.)
1868 4918 1949 4968 Editt
1974 4919 1999 4968 1.
2023 4917 2063 4966 2:
2094 4916 2188 4966 diuino

1275 4988 1453 5051 gubernaculo

1206 5073 1254 5140 76)
1273 5088 1307 5125 ex
1324 5074 1397 5140 Deo]
1414 5077 1451 5126 εἰσ
1467 5073 1551 5125 Editt.
1569 5072 1594 5123 3.
1614 5075 1655 5135 4.;
1673 5072 1757 5131 Editt,
1777 5076 1800 5124 1.
1821 5075 1862 5124 2:
1881 5089 1913 5122 ex
1931 5073 1988 5137 ipso

1206 5162 1254 5225 77)
1272 5161 1345 5211 Haec
1369 5161 1511 5225 Augustini
1534 5160 1666 5209 sententis
1690 5187 1720 5196 -
1745 5186 1779 5198 -
1802 5160 1912 5210 adiuuat
1936 5158 2113 5209 infirmitatem
2139 5169 2187 5205 ao·

1274 5230 1376 5299 stram]
1394 5230 1455 5283 loeo
1472 5231 1498 5279 iu
1515 5229 1598 5279 Editt.
1616 5227 1641 5280 3.
1661 5232 1686 5280 4.
1705 5226 1796 5280 addite
1812 5235 1877 5280 εεεεί.
