4786 6210
178 374 226 448 ld
850 376 874 441 t
918 378 962 444 A.
995 374 1206 444 ARTICUId
1229 374 1532 442 vlslTAtlole.
2156 381 2197 445 ld

178 569 359 647 Dominus,
381 577 418 632 ut
439 563 664 633 malediceret.
694 565 737 631 Et
758 567 918 632 debemus
941 564 1016 631 Deo
1038 567 1165 653 grades
1216 564 1325 629 minus
1348 563 1543 645 credamus,
1571 586 1636 630 nos
1657 566 1817 646 exaudiri,
1839 569 1876 633 Si
1894 581 2004 636 tamen
2025 569 2195 652 poeniten·

177 675 297 744 agere,
320 654 410 740 quod
431 672 497 720 nos
519 673 580 739 per
597 651 686 719 banc
708 654 919 718 occasionem
935 653 979 718 ad
995 654 1165 738 poeniten·
1217 651 1297 714 tiam
1319 650 1466 734 agimus,
1498 663 1533 718 et
1555 653 1740 729 credimus,
1774 655 1871 720 nobis
1897 656 2030 741 ignosci
2057 669 2196 740 propter

178 746 259 808 tiam
282 751 396 807 vocat.
1217 732 1397 801 Christum.
1452 734 1530 802 ldeo
1554 736 1679 803 Paulus
1701 740 1765 804 ait:
1799 740 1902 806 Orate
1931 743 2003 807 sine
2025 743 2092 820 ira,
2119 747 2141 807 i.
2164 762 2194 809 e.

268 826 408 907 Quarto,
439 822 523 891 nibil
544 823 680 903 borum,
712 845 799 911 quae
831 845 934 910 supra
966 824 1105 890 dicimus
1118 827 1165 904 ²⁹)
1217 841 1293 886 eum
1315 822 1472 906 patientia
1494 835 1527 888 et
1548 827 1622 890 sine
1643 823 1862 892 haesitatione
1885 838 2009 893 etcum
2035 826 2101 893 lide
2124 849 2196 896 cre·

178 917 216 981 in
236 912 431 990 afflictione,
453 911 538 977 satis
561 923 614 977 est
634 923 826 996 praestare,
861 912 921 976 scd
951 921 1084 994 oportet
1107 930 1165 977 ac·
1189 939 1193 982 ι
1217 907 1347 985 dentes,
1370 909 1460 992 quod
1482 907 1578 977 Deus
1600 912 1645 976 sit
1666 931 1728 976 nos
1752 914 1978 980 exauditurus.

180 1001 305 1067 cedere
315 1001 360 1065 ad
371 999 417 1074 ld,
439 999 528 1085 quod
547 1017 711 1063 summum
730 1009 793 1077 est,
815 994 956 1076 scilicet,
979 997 1164 1062 orationem
1189 988 1193 1043 l
1301 991 1425 1073 Tertio,
1447 994 1588 1062 docendi
1610 1008 1688 1063 sunt
1710 998 1874 1077 homines,
1897 1003 2050 1066 oratione
2071 998 2196 1087 aliquid

181 1098 214 1151 et
235 1085 480 1152 invocationem
503 1082 580 1162 ilci,
601 1094 638 1146 ut
659 1082 754 1148 Deus
775 1095 833 1149 aut
850 1085 1026 1169 gubernet,
1048 1094 1106 1148 aut
1129 1080 1164 1148 li·
1189 1058 1193 1112 Ι
1215 1088 1330 1163 petere
1357 1090 1415 1144 aut
1435 1084 1562 1165 gratias
1585 1103 1688 1170 agere
1713 1105 1776 1170 pro
1797 1084 1910 1172 aliquo
1932 1098 2074 1172 accepto
2097 1090 2195 1153 bene

180 1176 277 1237 beret
298 1173 342 1237 ab
364 1170 429 1237 hae
445 1165 641 1245 afflictione,
663 1170 750 1234 sicut
764 1171 922 1255 scripturn
941 1182 994 1234 est
1007 1165 1096 1234 Psal.
1109 1167 1163 1235 49.
1216 1164 1304 1228 licio.
1348 1164 1424 1231 Non
1447 1179 1559 1248 orant,
1582 1172 1636 1254 qui
1662 1167 1782 1258 longas
1805 1174 1974 1237 orationes
2003 1176 2126 1239 docent
2148 1175 2197 1239 di·

180 1257 307 1323 invoca
327 1277 380 1323 me
400 1256 435 1321 ln
458 1255 512 1320 die
534 1253 770 1320 tribulationis.
810 1256 908 1321 llnuc
930 1257 1031 1344 igitur
1052 1251 1165 1322 locum
1216 1250 1342 1315 vendas
1364 1270 1452 1332 esse,
1474 1265 1593 1404 atsto
1615 1259 1914 1341 peccatisnostris
1936 1256 2196 1338 satisfaciamus,

181 1345 225 1409 de
247 1343 398 1411 oratione
420 1338 595 1428 diligenter
615 1338 785 1407 inculcent
806 1338 941 1428 populo.
1216 1338 1279 1400 sed
1302 1337 1436 1417 docent,
1458 1352 1495 1405 ut
1547 1340 1672 1408 hristus
1690 1355 1803 1421 vocat,
1825 1344 2076 1430 multiloquium.
2121 1345 2196 1412 Hoc

1216 1423 1327 1508 potius
1355 1445 1513 1510 agamus,
1547 1438 1585 1492 ut
1605 1427 1814 1513 postulemus
1837 1428 2000 1516 aliquida
2023 1432 2108 1497 Deo.
2152 1432 2196 1498 Et

513 1529 576 1596 ΒΕ
598 1528 835 1597 ORATIONE.
1217 1520 1296 1572 sunt
1317 1506 1471 1576 hortandi
1493 1511 1663 1595 homines,
1695 1526 1731 1579 ut
1753 1528 1864 1594 orent,
1899 1538 1966 1583 non
1994 1531 2196 1584 tamennon

1216 1604 1343 1659 tantum
1364 1616 1427 1679 pro
1445 1598 1518 1663 suis
1536 1603 1814 1682 necessitatibuS,
1836 1603 1896 1666 sed
1919 1603 2018 1668 etiam
2039 1603 2195 1688 publicis,

268 1686 386 1752 Oratio
407 1697 461 1751 est
481 1696 597 1772 petere
616 1683 742 1769 aliquid
764 1704 786 1749 a
806 1682 900 1765 Deo,
921 1695 979 1750 ant
1000 1682 1076 1750 Deo
1100 1704 1163 1770 pro
1215 1692 1252 1744 ut
1272 1701 1336 1782 pro
1359 1684 1628 1768 magistratibus,
1660 1708 1721 1771 pro
1742 1708 1847 1773 pace,
1869 1709 1932 1775 pro
1976 1687 2062 1755 loria
2082 1689 2194 1756 Evan-

181 1784 324 1926 :srrgcdcptg
341 1769 513 1923 '’gumi-
527 1771 653 1859 gratias
676 1790 788 1856 agere.
832 1770 918 1838 Sunt
939 1784 1049 1837 autem
1078 1769 1163 1838 baec
1214 1762 1553 1921 gidil'esllrzliffidan
1576 1783 1613 1922 ιὶιι
1634 1770 1761 1924 Paullus}
1775 1775 1875 1841 iussit
1898 1775 1927 1840 1.
1949 1710 2069 1841 ihess.
2087 1777 2117 1926 ῐ9.
2153 1776 2196 1842 lit

278 1877 590 1924 occorrono
1593 1878 1698 1923 neec
1826 1881 1846 1924 o
1961 1881 1980 1925 e

257 1880 425 2023 ‘Primum
446 1881 535 2031 qirod
547 1942 642 2009 Deus
663 1962 731 2008 non
749 1952 875 2007 tantum
885 1943 1044 2028 permittit
1059 1945 1161 2023 orari,
1211 1871 1344 2017 lacere,
1371 1876 1607 2029 adorentque
1628 1880 1959 2031 Ιιιιιιιίῗιδοξ,οιιῗὶῗιᾞιξι
1971 1881 2196 2032 ξιιὲῑῐίἓίὲωιὶιῗ

181 2033 244 2096 sed
266 2032 363 2097 etiam
380 2032 554 2116 praecipit,
575 2029 689 2094 Lucae
714 2028 777 2106 18,
805 2029 893 2094 sicut
936 2030 1075 2114 raecipit
1091 2050 1160 2095 nos
1185 2074 1187 2079 -
1213 2025 1424 2092 cessitatibus
1444 2041 1624 2113 precentur
1644 2029 1762 2099 Deum.

183 2139 253 2183 non
278 2115 388 2184 lacera
410 2118 562 2196 caedem,
583 2136 652 2180 non
680 2113 862 2181 moechari.
906 2050 1050 2181 Croinde
1072 2082 1189 2199 sieut!
1299 2111 1438 2192 Quarto,
1473 2117 1614 2181 docendi
1649 2130 1726 2183 sunt
1755 2118 1919 2199 homines,
1953 2141 1995 2184 ne
2029 2122 2192 2187 desistant

183 2213 334 2290 peccant,
355 2206 411 2288 qui
433 2205 572 2289 caedem
593 2197 735 2279 faciunt,
764 2202 819 2288 qui
841 2197 994 2267 furantur
1015 2216 1093 2281 etc,
1114 2202 1161 2267 ita
1184 2204 1188 2221 '
1212 2216 1323 2277 orare,
1345 2213 1404 2264 aut
1426 2197 1578 2266 diffidant
1600 2200 1693 2283 Deo,
1715 2205 1845 2272 etiamsi
1867 2227 1935 2271 non
1957 2209 2069 2272 statim
2092 2207 2193 2293 impe·

182 2299 325 2375 peceant
345 2291 462 2369 etiam,
490 2289 548 2375 qul
579 2307 749 2372 nunquam
778 2298 885 2352 orant.
929 2286 993 2353 llic
1014 2309 1103 2375 exag
1127 2308 1161 2352 e·
1211 2294 1319 2362 trent,
1351 2289 1440 2369 quod
1463 2298 1579 2370 petunt
1597 2301 1630 2353 ct
1653 2287 1789 2369 volunt,
1822 2291 1882 2357 sed
1911 2305 2055 2380 pergant
2082 2313 2192 2374 orare,
2305 2294 2314 2303 ‘

180 2376 287 2441 randa
308 2386 361 2440 est
386 2374 580 2464 magnitudo
604 2373 736 2440 divinae
767 2374 942 2454 bonitatis,
974 2395 1073 2461 quam
1103 2306 1161 2440 {ic
1211 2372 1291 2455 qnia
1309 2366 1405 2435 Deus
1435 2374 1511 2438 ideo
1534 2372 1643 2441 differt
1666 2376 1834 2450 exaudire,
1856 2389 1894 2443 ut
1915 2394 2071 2443 exerceat
2094 2380 2193 2445 lidem

181 2464 332 2528 ridemus
357 2460 560 2527 ineffabilem
582 2478 671 2538 esse,
695 2480 770 2525 eum
791 2479 860 2525 non
888 2471 1015 2527 tantum
1043 2460 1159 2547 largiri
1211 2468 1381 2534 nostram,
1416 2460 1515 2524 sicuti
1546 2473 1686 2548 apparet
1722 2464 1755 2527 in
1788 2462 2077 2550 syrophoenissa,
2117 2468 2194 2532 item

181 2546 254 2615 vult
275 2551 375 2621 benc,
398 2549 460 2613 sed
479 2548 576 2613 ctiam
593 2546 765 2629 praecipit,
787 2556 824 2612 ut
840 2545 1065 2630 postulemus,
1086 2566 1161 2613 cum
1212 2542 1326 2609 Lucae
1349 2542 1399 2608 18.

224 2645 307 2700 trem
351 2644 484 2699 utemus
501 2653 579 2701 esse
601 2629 814 2711 elementem,
846 2633 902 2719 qui
930 2646 1089 2720 rogatus,
1121 2630 1161 2698 li·
1297 2625 1487 2715 Aliquando
1520 2631 1616 2699 Deus
1637 2653 1704 2700 non
1737 2635 1787 2716 id,
1820 2636 1911 2722 quod
1961 2637 2099 2715 erimus,
2131 2638 2195 2703 sed

204 2730 299 2785 enter
365 2720 472 2806 rgitur
504 2721 603 2785 bona.
649 2715 717 2783 Sed
745 2729 870 2804 quanta
897 2716 1074 2785 clementia
1096 2732 1159 2798 est,
1211 2712 1349 2781 meliora
1372 2716 1448 2798 dat,
1479 2719 1554 2783 ideo
1577 2721 1768 2806 permittere
1795 2723 1868 2787 eius
1897 2658 2060 2788 voluntati
2094 2724 2193 2789 debe·

179 2806 637 2976 ”mi-{t‘tt’tttltatt
656 2802 1160 2957 tttmrdttttttttilt
1210 2822 1303 2954 itt
1331 2800 1409 2955 lit
1424 2803 1680 2959 ‘tittatttt
1697 2806 2097 2961 tritissimi?
2113 2806 2195 2962 lii

179 2977 322 3043 maxime
348 2979 511 3044 sentimus
541 2976 619 3042 fidei
648 2976 882 3043 infirmitatem.
927 2977 1045 3065 Neque
1061 2936 1159 3044 ’enim
1209 2973 1368 3042 voluntas
1390 2987 1458 3043 tua.
1502 2976 1546 3042 Et
1570 2999 1747 3066 rogemus,
1776 2993 1813 3045 ut
1834 2981 1892 3046 det
1913 2983 2012 3047 nobis
2036 2982 2193 3049 obedien·

180 3063 359 3143 credimus,
381 3073 505 3129 tanum
526 3082 606 3129 esse
629 3063 808 3129 bonitatem
819 3063 897 3143 Dei,
921 3063 1160 3151 quantampol·
1209 3062 1299 3129 tiam.
1345 3060 1493 3132 Credere
1515 3065 1601 3129 enim
1624 3066 1804 3152 debemus,
1832 3087 1953 3151 preces
1983 3068 2134 3133 exaudiri
2158 3078 2194 3134 at

179 3146 298 3216 licetur
313 3151 432 3216 verbo.
475 3146 621 3215 Proinde
642 3150 677 3213 in
697 3148 765 3216 boc
787 3146 865 3216 loco
887 3150 1087 3238 castiganda
1108 3163 1161 3217 est
1210 3167 1279 3214 non
1299 3166 1380 3214 esse
1399 3151 1529 3230 irritas,
1551 3171 1630 3217 esse
1659 3165 1768 3218 autem
1801 3151 1926 3239 aliquid
1960 3153 2192 3239 impetraturus

180 3234 256 3301 lidei
276 3246 416 3302 nostrae
432 3232 658 3316 imbecillitas,
679 3236 768 3301 sieut
788 3239 880 3315 et⁸⁰t
892 3234 1048 3303 Christus
1066 3249 1161 3304 taxat
1210 3236 1370 3316 breviter,
1383 3239 1430 3314 ⁸¹)
1457 3258 1525 3324 quo
1547 3258 1611 3302 nos
1633 3236 1731 3325 plura
1752 3260 1773 3305 a
1796 3239 1871 3306 Deo
1892 3237 2067 3326 postulare
2089 3241 2191 3306 uude·

178 3319 436 3389 imbecillitatem
457 3324 492 3388 ln
513 3318 689 3406 Apostolis
712 3323 864 3388 modicae
885 3321 974 3389 fidei.
1209 3342 1300 3401 mus,
1331 3342 1374 3386 eo
1395 3319 1564 3389 lubentius
1584 3322 1726 3413 largitur
1747 3324 1861 3406 Deus,
1890 3326 1978 3391 sicut
1998 3326 2032 3390 in
2055 3325 2194 3413 Magda-

264 3408 434 3488 Seeuudo‚
456 3410 491 3474 in
513 3409 665 3474 oratione
686 3409 866 3494 promissio
880 3409 992 3477 divina
1010 3409 1160 3476 conside·
1209 3405 1288 3474 lena
1304 3420 1458 3494 apparet:
1479 3411 1556 3475 ldeo
1578 3413 1664 3478 euim
1686 3410 1790 3478 multa
1813 3415 2024 3478 remittuntur
2046 3414 2094 3490 ei,
2116 3413 2194 3498 qula

179 3494 284 3561 rande
304 3505 369 3574 est,
390 3495 481 3582 quod
501 3493 598 3561 Deus
619 3492 778 3581 politicus
800 3496 856 3576 sit,
878 3513 918 3561 se
938 3515 1004 3561 nos
1026 3498 1161 3563 exaudi·
1210 3492 1348 3560 multum
1370 3493 1496 3576 dilexit,
1519 3494 1610 3563 idem
1623 3501 1669 3577 ⁸²)
1686 3496 1790 3563 multa
1809 3519 1894 3563 ansa
1916 3511 1969 3564 est
1990 3518 2130 3585 sperare
2159 3508 2194 3564 et

178 3591 286 3647 turum
308 3599 407 3661 esse,
428 3579 547 3648 Matth.
569 3580 603 3647 9.
646 3580 751 3648 Dabit
773 3583 862 3647 bona
889 3584 1080 3667 petentibus
1108 3602 1158 3648 se.
1233 3578 1393 3646 ostulare.
1437 3581 1479 3646 Et
1501 3584 1552 3648 sic
1574 3585 1716 3650 docendi
1740 3597 1819 3648 sunt
1840 3583 2011 3663 homines,
2034 3604 2194 3650 exercere

177 3666 274 3747 ltem,
307 3666 471 3754 Quicquid
493 3668 655 3753 petieritis
711 3680 816 3733 atrern
844 3669 879 3734 iu
911 3669 1044 3735 nomina
1071 3688 1160 3748 meo,
1209 3603 1308 3732 idem
1337 3668 1370 3731 in
1400 3669 1560 3734 oratione.
1605 3667 1668 3734 Est
1695 3682 1807 3735 autem
1834 3670 1962 3756 populo
1985 3671 2100 3735 Oratio
2122 3670 2193 3736 Do·

180 3754 269 3842 dabit
288 3754 398 3820 vobis.
443 3752 636 3841 Requiritur
657 3755 760 3840 igitur
779 3751 866 3819 tides
884 3755 917 3819 in
936 3754 1099 3835 oratione,
1122 3744 1186 3840 ut}
1208 3754 1331 3819 minica
1354 3751 1531 3840 diligenter
1553 3766 1586 3820 et
1603 3751 1798 3842 simpliciter
1819 3757 2017 3823 enarranda.

181 3840 365 3920 credamus,
398 3842 489 3928 quod
520 3838 616 3906 Deus
649 3842 693 3905 sit
724 3860 789 3906 nos
811 3841 1047 3921 exauditurus,
1070 3841 1188 3977 quint
1222 3876 1225 3883 ·
1254 3841 1281 3907 l.
1316 3838 1417 3906 Pater
1437 3852 1565 3919 noster,
1588 3844 1644 3929 qui
1666 3861 1705 3909 es
1725 3843 1761 3908 iu
1778 3840 1893 3927 coelis.
1918 3846 1929 3921 Γ
1940 3840 2073 3929 Ubique
2108 3841 2192 3909 ades

178 3926 235 4012 qui
257 3927 417 4013 praecipit
436 3946 557 4009 orare,
588 3926 741 4012 premisit
767 3945 808 3992 se
834 3923 926 3993 velle
947 3929 1106 3994 exaudire
1127 3939 1160 3994 et
1318 3937 1354 3992 et
1374 3928 1511 3993 exaudis
1532 3948 1607 3994 nos.

177 4012 304 4078 iuvare.
383 4064 386 4071 .
1252 4012 1285 4078 9.
1316 4011 1554 4080 Sanctificetur
1574 4035 1716 4095 nomen,
1736 4016 1771 4080 id
1793 4024 1865 4095 est,
1893 4025 2134 4102 cognoscatur,
2155 4024 2194 4079 ut

263 4097 338 4165 Nec
370 4100 531 4182 debemus
548 4100 743 4176 absterreri,
776 4100 853 4186 qnia
874 4118 939 4163 nos
966 4118 1083 4166 sumus
1111 4100 1160 4165 in·
1317 4099 1438 4165 deinde
1458 4103 1670 4185 praedicetur
1697 4113 1732 4167 et
1760 4098 1957 4168 celebretur.
2004 4097 2192 4187 Cognosci-

178 4185 288 4271 dlgni,
319 4186 516 4252 sicutenim
538 4205 602 4252 nos
630 4184 789 4251 iustificat
814 4197 952 4272 propter
974 4184 1157 4268 Christum,
1316 4196 1382 4266 tur,
1406 4187 1539 4273 wando
1559 4191 1677 4269 scitur,
1699 4190 1789 4293 quod
1809 4188 1933 4254 iudicet
1944 4199 2137 4272 peccantes,
2158 4187 2193 4252 id

176 4291 245 4337 non
262 4283 401 4358 propter
422 4284 540 4338 nostra
557 4274 690 4338 merita:
713 4272 760 4337 ita
781 4291 916 4360 quoque
937 4272 1073 4338 exaudit
1093 4292 1159 4339 nos
1318 4282 1370 4337 est
1402 4292 1484 4338 vere
1509 4276 1626 4341 timere
1652 4276 1809 4342 iudicium
1833 4271 1909 4338 Dei.
1953 4273 2112 4338 Secundo
2136 4291 2193 4338 eo·

177 4372 315 4444 propter
332 4355 502 4429 Christum
523 4369 557 4424 et
574 4379 673 4426 suum
690 4369 906 4444 praeceptum
925 4370 958 4424 et
975 4378 1070 4425 suam
1081 4380 1158 4445 pro·
1317 4361 1505 4444 gnoscitur,
1526 4363 1616 4447 quod
1636 4362 1793 4447 ignoscat
1805 4363 1851 4440 ⁸⁸)
1864 4371 2000 4444 propter
2012 4357 2193 4439 Christum,

176 4446 397 4597 ffisgonmd·
414 4465 500 4598 nont
526 4455 640 4598 roptler
665 4456 793 4597 nostri:l
810 4444 962 4550 merita·
981 4444 1026 4512 Et
1046 4456 1186 4596 tenter}¹
1317 4445 1444 4597 {139⁵ss·
1461 4465 1540 4596 rer90
1561 4448 1709 4596 erledtlrlre.
1755 4446 1822 4594 {ic
1836 4444 1952 4596 ‹lebnit
1969 4445 2193 4531 cognitionem

176 4551 525 4703 ,utstatim
540 4551 680 4711 titt
726 4549 1187 4705 “tsfttttttttttn
1342 4551 1408 4683 iis
1431 4552 1625 4697 iiiluna?
1643 4552 1988 4684 etsttttttt
2004 4550 2193 4685 iiiiii

176 4704 379 4770 abominatio
397 4714 459 4771 est
504 4701 597 4784 ltem,
620 4703 840 4789 Clamabunt,
870 4716 904 4771 et
924 4724 990 4790 ego
1010 4724 1079 4770 non
1102 4725 1159 4771 ex·
1318 4638 1416 4769 diam.

177 4789 320 4857 audiam.
364 4788 444 4856 ltem
477 4788 711 4859 Ecclesiasticl
743 4790 797 4858 34.
843 4790 1035 4857 Orationem
1066 4787 1159 4859 lllius

178 4877 253 4962 ³⁰³⁵
275 4876 453 4943 exaudiet?
1211 4912 1257 4977 ιι)
1276 4925 1333 4962 me
1351 4917 1437 4961 susm
1455 4910 1555 4977 mque
1571 4915 1754 4980 imperaturo
1771 4912 1905 4979 narras]
1925 4913 1975 4965 aa
1986 4913 2012 4964 a.
2031 4912 2193 4976 sedeliquld

197 5008 207 5024 t
263 4954 411 5030 Peccata
427 4976 544 5030 nostra
561 4983 629 5028 nort
648 4962 771 5030 debelii
788 4982 853 5029 nos
865 4965 1069 5043 abstemie,
1093 4983 1160 5048 quo
1185 4990 1188 4995 ’
1279 4982 1462 5046 impetratores
1480 4996 1547 5044 esse,
1563 4983 1634 5048 quod
1651 4985 1727 5048 quale
1745 4985 1788 5046 eit,
1806 4982 1966 5047 autquando
1981 4985 2133 5046 contingere
2144 4995 2192 5032 no·

1183 5018 1190 5129 ¹
1281 5050 1321 5100 bla
1340 5050 1443 5114 debeat,
1460 5050 1519 5102 Deo
1537 5053 1737 5118 permittendum
1754 5061 1802 5104 est.
1837 5051 1968 5114 breviter,

1211 5155 1260 5221 39)
1276 5154 1350 5205 Idem
1368 5154 1401 5220 (i.
1420 5171 1443 5221 q.
1461 5155 1536 5207 Idem
1552 5155 1626 5223 esen
1646 5155 1698 5208 lto.
1717 5156 1743 5206 9.
1760 5156 1790 5207 ld
1808 5150 1878 5206 esf*

180 5218 226 5286 ²9)
244 5222 365 5288 ‹bd-m]
381 5221 432 5274 Ed·
451 5225 476 5272 θ’
497 5225 608 5274 dmm
1213 5258 1260 5321 33)
1279 5256 1402 5310 Secundo
1425 5260 1606 5324 cognoscitur,
1629 5259 1699 5323 quod
1722 5257 1855 5325 ignoscet]
1880 5258 1930 5310 ild.
1951 5259 1976 5308 9.
2000 5258 2123 5311 Secundo
2148 5271 2192 5308 eo·

181 5319 228 5386 80)
246 5326 313 5375 sicut
328 5322 367 5391 etl
387 5325 438 5376 lto.
456 5326 480 5376 9.
499 5332 526 5375 et
543 5329 610 5377 elcut
1282 5329 1426 5392 gnoeeitur,
1444 5329 1549 5393 quaudo
1566 5330 1704 5390 rufinus,
1721 5328 1791 5393 quod
1808 5329 1929 5392 ignoscat
