4786 6210
137 423 180 491 17
805 417 827 481 Ι.
874 420 914 485 Α.
938 417 1150 485 All'l'lCULl
1171 415 1480 486 vtsttartoltts.
1977 362 1980 369 ¹
2116 434 2159 503 ts

137 627 203 680 tur·
247 609 340 676 llaec
366 605 472 674 multo
501 605 615 675 utilius
644 620 697 674 est
717 605 887 675 inculcare
911 607 1121 689 multitudini,
1174 618 1264 673 motu
1286 608 1398 673 iudicii
1419 607 1501 689 Dei,
1521 607 1598 677 Deo
1620 608 1789 687 diffidere,
1813 614 1994 703 desperare
2022 618 2064 685 dc
2092 617 2158 687 Dei

137 719 239 788 quant
271 691 492 763 adsuefacere
524 715 585 760 eos
618 694 662 760 ad
692 705 917 779 contemptum
949 695 1121 782 magistra·
1175 695 1381 783 benignitate
1397 710 1431 761 et
1452 697 1690 764 misericordia.
1703 701 1751 778 ⁴³)

137 797 249 865 tuum,
281 782 350 848 hoc
377 778 522 861 faciunt,
555 781 611 867 qui
634 781 767 847 incaute
789 780 912 848 doceat
933 777 1120 848 libertatem

138 869 372 939 Christianam.
417 865 510 934 llaec
544 868 641 933 etiam
675 868 717 932 de
748 864 899 973 legibue,
933 867 1119 945 sententiis,
1521 900 1585 969 DE
1602 902 1793 971 IUSTUM

137 970 176 1026 et
195 958 314 1023 edictis
335 955 481 1022 iudicum
503 954 536 1019 in
557 954 610 1019 sin
636 949 700 1019 ulis
722 955 863 1021 urbrhus
875 955 1019 1021 docendi
1030 965 1121 1034 sunt,
1795 954 1804 973 ⁸

139 1045 232 1133 quod
255 1045 320 1108 sint
343 1041 453 1107 edicta
475 1039 603 1113 divina,
651 1062 694 1105 oe
715 1050 786 1119 est,
810 1041 902 1126 quud
929 1038 1025 1106 Deus
1054 1036 1120 1105 illis
1261 1036 1407 1106 Mundus
1440 1043 1525 1107 enirn
1560 1042 1698 1122 iudicat,
1730 1044 1886 1111 iustitiam
1919 1063 1998 1112 esse
2030 1058 2157 1116 tantum

138 1131 269 1196 obediri
290 1146 448 1214 tanquam
470 1146 554 1193 suae
573 1127 651 1193 voci
672 1124 764 1199 velit,
786 1127 837 1193 sie
859 1127 945 1193 enim
967 1129 1013 1192 ait
1029 1123 1122 1191 Salo·
1176 1135 1315 1192 externa
1348 1146 1468 1213 opera,
1500 1148 1563 1195 seu
1591 1128 1722 1197 civilem
1755 1133 2023 1198 observationem
2055 1131 2157 1223 legis.

137 1237 234 1285 mou:
256 1214 427 1281 Divinatio
449 1215 484 1279 in
505 1210 605 1279 labiis
626 1214 731 1300 regis,
753 1214 774 1279 i.
792 1234 823 1279 ο.
869 1213 1002 1300 uicquid
1020 1231 1121 1301 reges
1176 1211 1246 1278 Sed
1264 1214 1406 1298 Spiritus
1428 1227 1567 1280 sanctus
1589 1217 1689 1283 docet
1709 1237 1792 1299 nos,
1823 1228 1940 1283 nostra
1962 1239 2067 1324 opera
2088 1241 2157 1287 non

138 1323 202 1371 seu
224 1322 256 1367 m
303 1302 440 1366 'stratus
461 1300 692 1384 pronuntiant,
724 1299 758 1364 id
779 1322 841 1386 pro
898 1301 927 1366 ei
949 1320 1035 1367 voce
1056 1319 1121 1364 am·
1176 1297 1373 1365 satisfacere
1405 1298 1500 1380 Deo,
1533 1302 1594 1367 sed
1628 1300 1797 1370 Christum
1830 1302 2090 1373 satisfactionem
2123 1318 2156 1374 et

162 1386 273 1455 lecten
297 1409 353 1453 um
375 1398 427 1453 est
449 1399 483 1452 et
504 1387 616 1451 obtem
640 1384 817 1466 orantium,
840 1397 998 1472 tanquam
1020 1385 1121 1450 mani·
1175 1386 1441 1473 propitiationem
1462 1407 1560 1464 esse3
1577 1390 1690 1475 itaquo
1711 1389 1779 1457 fide
1799 1390 1979 1458 iustificari.

137 1412 252 1541 festae
273 1473 350 1541 voei
379 1475 422 1539 de
451 1468 560 1539 coelo.
604 1408 747 1546 tiutdnn
777 1473 902 1538 indocti
924 1471 967 1538 de
988 1468 1121 1559 legibus
1580 1510 1583 1515 ·

140 1558 328 1631 clamitant,
361 1559 450 1645 qood
473 1578 542 1625 non
563 1556 664 1624 liceat
686 1559 731 1624 uti
753 1556 952 1645 gentilibus,
981 1577 1042 1625 seu
1063 1558 1122 1622 lm·
1528 1592 1592 1660 DE
1613 1591 1783 1661 mmo

182 1660 330 1714 ratarum
351 1644 506 1732 legibus,
534 1647 597 1712 sed
618 1642 745 1711 malunt
767 1665 828 1710 eos
848 1645 996 1712 iudicare
1009 1647 1055 1718 ⁴²)
1079 1663 1122 1708 ex
1784 1643 1793 1659 ⁰

197 1735 272 1799 'hus
295 1731 468 1799 Mosaicis.
500 1729 542 1796 lli
564 1751 698 1817 quoque
721 1744 845 1802 errant,
869 1733 947 1818 quia
957 1727 1053 1796 Deus
1067 1751 1124 1815 ap
1265 1728 1351 1805 Quia
1380 1728 1521 1797 mundus
1544 1749 1611 1797 non
1639 1732 1779 1814 iudicat,
1802 1744 1955 1800 satanam
1978 1734 2076 1800 nohis
2098 1755 2158 1802 no·

139 1822 262 1907 probat
310 1815 433 1885 ludium
454 1827 487 1883 et
508 1816 748 1884 ordinationem
766 1817 1124 1906 gentiliummagistta·
1177 1835 1276 1898 cere,
1309 1818 1371 1882 sed
1395 1816 1538 1902 Spiritus
1565 1830 1703 1884 sanictos
1725 1820 1824 1885 docet
1844 1839 1924 1900 nos,
1957 1830 2159 1907 potestatem

139 1919 240 1974 tunm.
284 1841 382 1971 hom.
406 1902 457 1969 13.
482 1903 511 1969 l.
534 1902 618 1971 'lim
640 1904 671 1969 2.
695 1916 729 1970 et
751 1903 865 1971 Actor.
891 1903 943 1970 15.
965 1902 1078 1970 Lucae
1090 1899 1122 1966 3.
1177 1916 1318 1969 satanae
1339 1904 1545 1970 debilitatam
1567 1925 1646 1993 esse
1668 1902 1848 1984 aOhristo,
1870 1906 1932 1971 sed
1952 1907 2061 1991 impiis
2083 1928 2158 1974 eum

138 1990 260 2060 Estote
282 1992 428 2058 contenti
451 2002 516 2056 etc.
1176 1989 1341 2057 dominari
1362 2002 1396 2055 et
1415 1988 1584 2075 impellere
1605 1992 1649 2057 ad
1673 2010 1770 2057 omne
1792 2011 1901 2078 genus
1922 1990 2049 2080 flagitii.

228 2076 325 2145 Licet
345 2079 457 2164 itaqua
478 2078 526 2143 uti
548 2074 726 2164 gentilibus
747 2073 899 2163 legibus,
928 2078 1006 2163 quia
1027 2074 1124 2143 Deus
1264 2075 1325 2141 Est
1347 2088 1457 2142 autem
1479 2074 1603 2162 duplex
1625 2078 1722 2142 timor
1745 2077 1819 2145 Dei.
1845 2077 1988 2151 Quidam
2010 2088 2064 2144 est
2086 2080 2159 2145 sine

140 2164 235 2232 dedit
256 2164 352 2231 nohis
374 2161 409 2230 le
433 2184 486 2229 em
507 2177 663 2244 naturae,
692 2184 792 2249 quam
814 2174 1013 2249 sequentes,
1045 2182 1124 2251 pos·
1178 2160 1244 2227 fide
1267 2163 1442 2242 credente,
1464 2165 1554 2248 quod
1575 2160 1670 2228 Deus
1692 2165 1890 2229 misereatur
1911 2165 2029 2241 nostri,
2051 2177 2084 2231 et
2107 2186 2158 2231 re·

140 2271 260 2318 sumus
280 2248 375 2339 leges
422 2248 620 2319 ecivtlibus
641 2251 743 2317 rebus
766 2250 926 2322 condere,
956 2248 1032 2317 Deo
1054 2248 1125 2336 pla·
1179 2247 1279 2334 cipiat
1301 2268 1365 2314 nos
1391 2249 1426 2312 in
1458 2251 1614 2336 gratiam,
1648 2250 1734 2315 sient
1762 2264 1901 2316 satanas
1923 2252 2014 2316 timet
2035 2248 2156 2332 Deum,

142 2350 272 2417 centes,
294 2339 338 2403 ad
360 2336 575 2403 Romanosh.
620 2335 755 2404 liabent
775 2334 888 2425 legem
909 2338 1069 2422 scriptam
1092 2337 1125 2401 in
1179 2345 1213 2399 et
1236 2355 1423 2422 quanquam
1441 2337 1557 2400 eredat
1570 2333 1741 2422 Evangelii
1757 2334 1940 2406 historiam,
1962 2346 2073 2402 tamen
2089 2357 2158 2403 noa

141 2424 309 2490 cordibus.
354 2423 398 2488 Et
419 2425 506 2489 sicut
527 2422 623 2490 Deus
650 2445 719 2488 non
741 2425 845 2511 exigit
870 2445 892 2490 a
914 2424 1012 2490 nohis
1036 2443 1125 2490 ecre
1181 2421 1302 2500 credit,
1335 2423 1400 2487 sihi
1421 2421 1562 2487 ivnosei.
1607 2422 1703 2487 Adeo
1734 2420 1804 2488 huo
1831 2423 1986 2507 pertinet,
1998 2425 2044 2502 ⁴⁶)
2066 2424 2158 2508 qnod

139 2512 270 2575 monins
292 2508 482 2591 Mosaieas,
515 2508 656 2574 aninmo?
678 2508 832 2576 Mosaica
863 2531 925 2577 seu
948 2507 1127 2590 iudicialis,
1179 2506 1282 2573 lacoh
1317 2508 1378 2573 aits
1423 2474 1615 2573 ssaemones
1647 2508 1789 2574 eredunt
1821 2519 1856 2573 et
1889 2511 2158 2576 contremiscunt.

139 2608 178 2663 ut
201 2607 362 2664 vocans·
632 2654 636 2663 .
1179 2592 1243 2659 llic
1266 2594 1364 2659 timor
1385 2606 1527 2660 vocatur
1548 2592 1693 2660 servilis.
1726 2591 1824 2660 Alius
1846 2594 1954 2673 timor,
1977 2595 2158 2676 confidere,

228 2682 365 2750 Honore
392 2677 531 2748 afficere
564 2683 780 2768 magistratus
809 2692 863 2748 est
896 2702 965 2746 non
1001 2694 1126 2747 tantum
1177 2680 1235 2745 ubi
1269 2699 1331 2744 eor
1362 2690 1520 2754 terretur,
1553 2691 1587 2746 et
1618 2691 1688 2747 tum
1715 2679 1807 2746 lides'
1828 2681 1976 2766 erigitur,
2000 2693 2033 2747 et
2054 2681 2161 2747 credit

140 2769 296 2849 ohetlire,
325 2767 388 2834 sed
410 2788 560 2835 summus
583 2769 708 2856 gradus
731 2769 868 2834 honoris
892 2782 961 2846 est,
991 2789 1052 2854 pro
1076 2770 1127 2833 eis
1178 2767 1244 2830 sibi
1276 2766 1407 2853 ignosci
1436 2779 1471 2832 et
1499 2763 1664 2852 placatum
1694 2787 1774 2832 esse
1807 2765 1927 2832 Deum.
1941 2770 1987 2845 ⁴⁷)
2031 2765 2158 2835 'l'aliter

141 2875 241 2921 orare
274 2867 309 2922 et
329 2854 405 2921 Deo
428 2858 558 2941 gratias
578 2875 701 2940 agera,
734 2854 823 2940 quod
850 2874 911 2941 per
939 2875 999 2920 eos
1021 2852 1126 2940 quali·
1178 2853 1368 2920 sentiuntur
1389 2865 1422 2918 et
1444 2865 1603 2920 exercent
1624 2873 1702 2919 sese
1715 2857 1761 2932 ⁴⁸)
1793 2853 1890 2919 timor
1911 2864 1945 2920 et
1966 2852 2068 2933 fides,
2096 2873 2160 2920 neo

141 2962 275 3028 cunque
292 2961 376 3027 paee
398 2937 546 3021 fruimur,
569 2960 632 3007 nec
655 2943 764 3007 omnia
785 2937 970 3006 latrociniis
996 2954 1030 3006 et
1054 2960 1126 3007 cae
1169 2940 1309 3019 otiosae
1330 2950 1410 3005 sunt
1428 2940 1648 3026 cogitationes
1670 2939 1782 3019 animi,
1803 2941 1864 3004 sed
1881 2958 2024 3005 necesse
2040 2951 2094 3007 est
2110 2959 2160 3007 re·

141 3029 242 3095 dibus
265 3024 386 3094 infesta
408 3025 500 3107 fiant,
520 3024 740 3094 inestimabile
752 3025 948 3093 beneficium
961 3039 1025 3107 est,
1048 3047 1125 3113 qua·
1179 3047 1260 3092 vera
1286 3025 1548 3113 perhorrescere
1577 3027 1707 3091 animos
1735 3027 1869 3103 timore,
1902 3036 1936 3090 et
1962 3036 2080 3111 postea
2101 3026 2160 3091 ite·

139 3111 342 3200 lemennnue
376 3113 616 3180 ordinationem
646 3111 777 3179 civilem
807 3133 1013 3181 conservare
1045 3114 1126 3179 iudi·
1177 3133 1250 3178 rum
1271 3131 1393 3177 revera
1413 3132 1475 3196 per
1496 3111 1652 3191 fidenw)
1676 3110 1941 3177 consolationem
1959 3113 2161 3199 etgaudium

143 3200 263 3279 cando,
285 3201 453 3285 puniendo
465 3211 595 3280 sontes,
612 3197 821 3286 prohibendo
834 3202 970 3280 caedes,
993 3197 1126 3266 futtaet
1178 3202 1342 3284 accipere.
1373 3197 1435 3265 llic
1459 3200 1556 3264 timor
1578 3210 1719 3265 vocatur
1741 3196 1866 3278 filialis,
1890 3198 2015 3284 dequo
2036 3198 2162 3264 dictum

142 3282 271 3353 similla.
325 3285 432 3352 lluius
466 3287 620 3353 beneficii
656 3287 916 3373 magnitudinem
950 3284 1126 3374 diligenter
1178 3297 1246 3351 est:
1280 3284 1388 3351 Deum
1417 3286 1495 3350 time
1517 3296 1551 3352 et
1571 3287 1728 3351 mandata
1749 3287 1822 3350 eius
1840 3304 1942 3349 serva
1976 3294 2059 3364 ete,
2093 3283 2161 3352 hoo

142 3369 309 3442 inculcent
330 3369 454 3460 populo
479 3373 744 3440 concionatores.
881 3394 886 3403 ·
1178 3382 1250 3523 lest,
1280 3372 1369 3502 ompi
1390 3370 1514 3437 homini
1536 3372 1663 3438 timenti
1682 3370 1810 3452 Deam,
1843 3391 1912 3438 non
1935 3371 2162 3438 deeritomne

1202 3478 1313 3525 onum.
1344 3462 1373 3538 ⁰)

377 3592 380 3596 ’
448 3577 511 3645 DE
531 3577 703 3646 Timone
724 3578 814 3646 DEl.

229 3718 340 3804 Supra
373 3717 458 3797 dixi,
490 3715 590 3784 fidem
621 3737 692 3783 uon
724 3717 869 3783 existere
904 3717 978 3785 sina
1009 3719 1127 3784 timore
1467 3663 1531 3730 DE
1552 3659 1877 3730 §AGRAMENTIS'

143 3803 222 3885 Dei,
241 3805 316 3870 ideo
329 3807 376 3884 ⁴⁸)
399 3800 591 3889 diligentius
608 3815 660 3870 est
676 3802 922 3880 inculcandum,
946 3804 1023 3890 qnia
1035 3802 1127 3870 Chri·
1267 3800 1460 3888 Baptismus
1482 3811 1535 3867 est
1556 3801 1688 3888 signum
1709 3800 1946 3885 poenitentiae,
1968 3799 2161 3867 sicutenim

144 3902 223 3958 stus
242 3888 308 3965 his,
331 3892 387 3977 qui
409 3889 578 3957 iustificati
600 3902 690 3968 sunt,
713 3899 838 3955 tannim
859 3891 903 3955 im
928 3890 1054 3956 endere
1070 3911 1127 3976 pe·
1182 3891 1406 3975 immergimur
1427 3910 1526 3975 aqua,
1547 3890 1598 3953 sic
1620 3899 1753 3973 oportet
1780 3885 1981 3954 mortificare
1995 3888 2041 3965 ⁶¹)
2069 3898 2161 3953 vete·

142 3972 245 4044 riculi
265 3974 429 4058 affirmat,
451 3989 488 4043 ut
510 3977 616 4058 dicat,
638 3989 789 4042 satanam
813 3998 854 4041 ex
934 3997 990 4041 om
1012 3977 1128 4043 conari
1183 3996 1253 4041 rem
1275 3976 1458 4054 homiuem,
1480 3976 1514 4041 id
1537 3986 1601 4057 est,
1624 3976 1751 4041 conteri
1773 3994 1848 4041 nos.
1862 3977 1908 4053 ⁶²)
1950 3972 2030 4038 ldeo
2059 3970 2162 4039 lrabe-

142 4062 265 4135 redire,
287 4065 443 4147 stipatum
461 4060 536 4129 aliis
554 4074 696 4150 septem,
718 3998 926 4128 aracusiam
936 4059 1127 4149 aliquando,

143 4160 183 4217 ut
202 4148 389 4215 novissima
409 4149 491 4215 fiant
541 4150 686 4215 rioribus
715 4149 841 4233 peiora.
885 4148 956 4215 llas
990 4150 1128 4215 iusidias

145 4233 271 4302 diaboli
299 4236 423 4302 debent
448 4172 676 4314 ἱῃοηῖωωΗ)
702 4233 846 4320 populo,
874 4236 953 4323 (puin
974 4234 1128 4322 Evange.
1182 4236 1424 4321 45)De·peeeato,
1443 4238 1582 4302 quodnon
1601 4235 1740 4285 credat-
1759 4229 2004 4296 etmioerieordia.]
2023 4231 2160 4282 inlidi.

144 4318 224 4388 lium
246 4318 379 4389 revelat
400 4333 433 4387 et
455 4324 565 4411 arguit
581 4333 767 4409 potestates
785 4323 1009 4402 tenebrarum,
1032 4322 1128 4388 loan-
1249 4322 1342 4357 onesta
1359 4311 1422 4357 sant.

144 4408 199 4475 nis
221 4406 272 4472 16,
327 4407 473 4513 Spiritus
496 4421 635 4476 sanctus
663 4421 783 4498 arguet
805 4411 962 4476 mundum
990 4410 1032 4475 (10
1053 4429 1128 4494 pec·
1181 4409 1230 4478 46)
1247 4412 1297 4461 sibi
1314 4411 1424 4493 ignosci.
1461 4409 1537 4460 Adeo
1557 4408 1607 4458 hue
1624 4404 1758 4473 pertinen]
1778 4404 1863 4455 Edi.
1883 4402 1934 4454 sibi
1950 4402 2051 4466 ignosci
2066 4402 2163 4454 aDeo.

147 4505 234 4575 ento,
267 4494 393 4560 iustitia
426 4505 459 4561 et
485 4495 618 4563 iudicio.
663 4493 718 4560 De
749 4507 908 4580 peccato,
941 4497 1031 4582 quod
1061 4516 1129 4561 non
1251 4482 1309 4531 ΗΜ
1326 4487 1439 4547 immi*

144 4583 263 4648 eredat
284 4578 384 4662 Deo,
418 4582 510 4667 quod
530 4604 598 4649 non
621 4594 764 4669 possunt
785 4603 805 4648 a
828 4582 957 4649 ratione
979 4582 1129 4648 iudicari.
1183 4584 1234 4650 ⁴⁷)
1252 4585 1327 4636 atius
1345 4586 1432 4645 amor,
1451 4581 1582 4662 confluere
1600 4605 1633 4615 ·-
1651 4591 1707 4659 ‘5⁵0
1724 4575 1832 4642 nean]
1855 4573 1905 4626 Ed·
1925 4578 1950 4659 ἓ·
1974 4575 2050 4626 ΑΒΜ
2073 4582 2114 4624 0³²
2130 4577 2163 4625 ἃ·

144 4665 245 4733 Bappo
268 4667 356 4732 enim
378 4679 506 4734 tantum
528 4681 668 4735 externa
689 4680 832 4754 peccata
854 4669 992 4748 judicat,
1015 4666 1130 4735 atsur,
1256 4669 1323 4717 mor,
1342 4667 1400 4703 curn
1417 4650 1470 4700 fide
1488 4655 1648 4708 eomunetus,
1665 4653 1703 4696 tta
1720 4653 1749 4695 ut
1766 4660 1812 4695 eor
1830 4652 1995 4711 perterritum
2014 4660 2103 4695 rursus
2114 4646 2164 4696 eri·

146 4767 226 4833 tum,
249 4753 400 4834 eaedem,
423 4755 632 4835 ebrietatem,
652 4752 853 4822 adulterium
876 4767 910 4821 et
931 4753 1129 4823 huiusmodi.
1254 4730 1299 4788 Ψ
1316 4730 1343 4773 ⁰⁸
1361 4721 1509 4771 ⁰⁰³⁵⁰¹⁰m¹
1525 4717 1599 4779 Μ’
1617 4715 1725 4766 ‘'⁰⁶⁰⁰''
1743 4714 1829 4765 neum
1847 4729 1905 4765 ⁰⁸³⁰
1923 4715 2059 4782 ”lm

145 4836 215 4904 Sed
227 4838 372 4926 Spiritus
394 4852 534 4908 sanctus
556 4842 656 4909 etiam
679 4839 814 4908 occulta
836 4853 868 4909 et
879 4844 1015 4929 proprie
1027 4842 1131 4909 laten·
1184 4828 1232 4896 ⁴⁸)

145 4925 192 4990 tia
224 4927 258 4990 in
292 4925 396 4994 eorde
423 4929 553 5015 arguit,
580 4939 616 4995 ut
638 4939 863 5016 contemptum
892 4927 974 5010 Dei,
1006 4950 1131 4998 vacare
1185 4925 1510 4996 totmemperanem]
1531 4923 1790 4977 arsenatem.

1184 5034 1232 5100 ho)
1249 5033 1301 5083 hoc
1317 5038 1365 5097 est,
1382 5031 1454 5081 omui
1472 5058 1506 5068 -
1523 5043 1599 5081 omne
1617 5027 1734 5094 honum]
1754 5027 1806 5078 Ed.
1825 5028 1850 5080 f.
1868 5023 2165 5091 armaturarum

1251 5117 1305 5153 non
1323 5103 1409 5152 deerit
1426 5100 1508 5151 nilum
1525 5100 1630 5151 honum.

1252 4832 1375 4878 exercent
1390 4822 1457 4888 sese]
1477 4822 1528 4872 Ed.
1546 4822 1571 4871 2.
1590 4825 1713 4871 exercent
1730 4833 1787 4869 sese
1804 4825 1893 4870 mutuo

148 5166 195 5233 υ)
214 5181 259 5217 ⁶⁰³
276 5167 404 5236 imme]
424 5168 474 5222 Ed·
495 5173 520 5222 ²⁰
538 5185 580 5223 κ’
598 5170 708 5224 ludim
1127 5189 1140 5215 ⁸
1184 5206 1232 5272 hl)
1250 5207 1288 5256 sie
1305 5212 1408 5272 oportet
1424 5201 1592 5271 mortificare}
1612 5203 1662 5253 lid.
1676 5201 1701 5254 l.
1721 5201 1759 5252 sle
1776 5205 1881 5266 oportet
1898 5213 1947 5250 nor
1964 5212 2066 5263 semper
2084 5206 2165 5247 terre

149 5270 196 5336 43)
212 5269 286 5338 ideo]
305 5273 356 5327 lid.
376 5275 400 5326 2.
420 5273 471 5325 hoe
488 5275 549 5326 ideo
1252 5274 1320 5339 fieri,
1336 5275 1494 5326 mortificare

151 5372 199 5440 44)
215 5374 358 5445 mem]
378 5377 429 5430 M,
449 5380 474 5429 2,
493 5379 629 5432 Mum
1186 5379 1234 5448 hi)
1252 5384 1353 5434 contrat
1368 5377 1438 5446 aon]
1457 5376 1507 5431 Ed.
1526 5378 1552 5431 a.
1570 5379 1670 5429 conteri
1686 5389 1735 5428 uos
1752 5387 1800 5426 ren
1816 5371 2000 5439 permeliori-
2092 5452 2095 5459 Ι

299 5492 584 5544 saturationem.
599 5496 754 5542 romam
1925 5477 1941 5525 ²
