4808 6204
293 435 314 497 a
747 430 862 499 Piiib.
885 428 990 498 Mun.
1012 429 1201 498 SCRIPTA
1222 428 1570 498 muriaticam
1591 428 1859 498 SYllBOLlGA.
2285 433 2309 497 d

294 623 377 706 quod
398 622 438 685 de
455 622 536 704 legis
558 622 785 703 praedicatione
807 621 942 703 urgenda
964 621 1075 682 nimius
1095 622 1167 692 sim,
1191 619 1274 701 quod
1295 619 1407 683 alicubi
1425 621 1505 683 male
1527 622 1707 685 detorserim
1730 624 1906 701 scripturas,
1926 621 2008 702 qued
2030 620 2213 702 quibusdam
2228 622 2308 687 locis

293 707 497 772 Christianum
514 710 684 772 libertatern
705 709 862 771 laeserim.
884 747 926 759 -
951 746 990 757 -
1016 706 1058 768 Et
1079 708 1109 768 ia
1133 706 1185 768 illa
1207 709 1276 787 ipsa
1292 707 1453 789 κατηχήσει
1474 709 1548 787 quid
1570 707 1652 768 aliud
1672 715 1800 769 secutus
1823 727 1903 778 sum,
1927 708 1999 779 nisi,
2019 714 2055 771 ut
2076 712 2256 771 necessaria
2277 711 2307 771 in

292 795 448 859 Ecclesiis
468 797 664 868 docerentur,
688 797 815 857 omissis
838 795 1053 857 controversiis
1077 792 1249 874 plerisque,
1273 814 1352 872 quae
1375 792 1424 855 vel
1446 814 1505 855 non
1529 794 1747 874 intelliguntur,
1770 792 1819 854 rel
1843 795 1882 855 ad
1904 796 2050 875 pietatem
2067 815 2171 876 purum
2196 797 2307 859 condu-

293 885 385 945 cunt?
418 885 527 963 ltaque
547 882 682 963 praecidi
700 883 861 962 quaedam.
884 887 918 942 ut
938 880 1073 961 prudens
1093 878 1188 941 lector
1210 879 1381 960 intelligere
1403 887 1518 961 potest,
1541 881 1770 941 dissensionum
1792 881 1940 943 semina«
1970 881 2045 944 ltem
2068 883 2098 943 in
2118 883 2251 964 epistola
2267 884 2308 946 ad

291 968 398 1031 Lazar.
423 968 446 1029 S
470 969 625 1050 englerum
647 969 755 1029 eodem
781 969 830 1029 die
853 967 923 1028 duta
944 967 989 1045 (iu
1012 965 1104 1027 huius
1127 963 1220 1044 Corp.
1243 963 1316 1025 Vol.
1339 962 1362 1026 Ι.
1385 986 1417 1046 p.
1440 968 1538 1044 airu,
1561 968 1589 1027 in
1614 968 1702 1027 cuius
1724 968 1823 1048 priore
1845 974 1930 1049 parte
1948 965 2025 1029 hoec
2045 967 2203 1048 leguntur:
2222 968 2308 1043 „los-

292 1055 413 1117 clrimus
463 1056 628 1117 amerarius
651 1057 777 1138 scripsit
798 1053 882 1128 milri,
899 1074 956 1114 vos
978 1050 1099 1131 legisse
1121 1050 1273 1131 quoddam
1295 1071 1397 1114 meum
1420 1053 1576 1133 scriptum,
1599 1053 1682 1134 quod
1700 1054 1813 1116 excidit
1834 1054 1908 1116 urihi
1930 1055 1960 1114 in
1982 1055 2176 1136 inspectione
2197 1055 2306 1118 Eccle-

294 1143 404 1205 siarum
428 1148 551 1205 nostrae
573 1143 719 1221 regionis,
742 1148 836 1221 teque
858 1159 981 1219 cupere,
1004 1145 1038 1200 ut
1060 1139 1089 1199 is
1111 1137 1236 1199 libellus
1260 1136 1411 1202 ederetur.
1443 1137 1503 1200 Est
1525 1146 1626 1200 autem
1645 1138 1751 1201 ‘editus
1773 1140 1882 1201 eodem
1905 1148 2081 1221 argumento
2103 1140 2225 1215 latinus,
2248 1142 2309 1204 sed

290 1229 483 1311 germanicus
504 1235 554 1289 ssi
572 1226 691 1309 plenior
702 1226 873 1307 aliquaat03
897 1224 948 1286 laic
970 1231 1021 1286 est
1044 1224 1074 1284 in
1096 1226 1175 1286 aula.
1208 1223 1278 1285 Nec
1298 1227 1376 1297 scio,
1395 1225 1469 1305 quid
1487 1223 1635 1305 Princeps
1658 1229 1697 1287 de
1713 1233 1778 1288 tota
1793 1234 1900 1288 nostra
1916 1228 2109 1307 inspectione
2126 1229 2307 1292 decreturus

164 1311 167 1316 ’
291 1316 341 1377 sit.
385 1313 495 1377 Multis
515 1335 575 1376 uon
598 1312 723 1394 perinde
745 1312 861 1395 placuit
881 1309 1008 1372 libellus
1030 1309 1093 1372 ille.
1131 1308 1204 1371 'Sed
1227 1329 1285 1390 ego
1307 1310 1538 1392 simplicissimo
1561 1314 1661 1373 enimn
1683 1313 1828 1392 scripsi.“
1862 1310 1951 1376 Cous.
1975 1316 2077 1386 etiam,
2096 1335 2176 1396 quae
2199 1313 2308 1378 Guma-

292 1403 388 1463 rarius
409 1403 441 1461 in
458 1401 520 1464 vita
536 1399 745 1461 Melanthouis
769 1398 833 1475 (ed.
857 1395 1007 1474 Strobel.)
1027 1416 1058 1478 p.
1075 1399 1134 1459 106
1157 1415 1229 1476 sqq.
1252 1395 1291 1456 de
1313 1395 1364 1458 bis
1381 1395 1468 1459 libris
1490 1396 1591 1458 refert.

1274 1625 1316 1694 A.

790 1753 1107 1825 MELANTHONlS
1134 1753 1266 1822 LIBER
1292 1754 1596 1826 VlSll'Al'OlilUS
1623 1755 1809 1826 LATINUS

1064 1878 1192 1939 inscio
1214 1884 1376 1940 auctora
1394 1878 1535 1943 editus.

446 2049 536 2112 llunc
564 2049 674 2111 libmm
694 2048 837 2122 latinum,
869 2051 982 2130 inquo
1010 2051 1134 2112 brevius
1157 2050 1312 2110 doctrinae
1341 2051 1553 2131 compendium
1576 2053 1715 2123 exhibet,
1744 2048 1923 2112 Melanthea
1950 2051 2036 2131 prius
2064 2054 2191 2133 scripsit
2217 2074 2308 2134 quem

292 2136 421 2198 alterum
442 2137 661 2216 germanicum,
697 2156 797 2214 ueque
825 2157 863 2198 eo
886 2135 1034 2208 consilio,
1068 2142 1101 2197 ut
1123 2136 1278 2211 ederetur,
1312 2135 1370 2198 sed
1392 2144 1426 2199 ut
1452 2142 1625 2220 pernruuiei
1646 2138 1721 2199 libri
1738 2139 1844 2218 priora
1866 2136 2065 2199 udrembrutr‘o
2093 2146 2191 2202 esset.
2236 2140 2307 2215 Quo

291 2242 399 2284 meuse
421 2223 491 2282 anni
512 2226 604 2284 1527.
629 2222 680 2282 lric
700 2220 813 2283 latinus
835 2221 962 2284 libellus
980 2221 1155 2284 elaboratus
1174 2223 1225 2295 sit,
1249 2227 1332 2284 certo
1355 2224 1477 2303 quidem
1500 2226 1658 2287 monstrari
1681 2245 1740 2286 nou
1763 2229 1928 2306 potestat
1948 2244 2056 2286 mense
2079 2223 2154 2287 lulio
2168 2226 2308 2303 (velitu-

290 2316 397 2389 gusto)
421 2309 450 2369 iu
473 2309 542 2388 ipsc
563 2308 737 2369 visitatione
760 2315 827 2388 (aut
848 2310 984 2389 proxime
1006 2316 1078 2389 post
1099 2315 1179 2387 eam)
1196 2308 1308 2370 sactum
1331 2329 1418 2383 esse,
1441 2311 1701 2373 verosimillimum
1726 2313 1778 2372 sit.
1808 2308 1921 2371 Mense
1933 2308 2010 2372 lulio
2027 2313 2105 2373 euim
2129 2320 2160 2374 et
2183 2314 2307 2377 ineunte

289 2396 433 2475 Augusto
455 2392 634 2455 Melanthon
664 2395 842 2456 versabatur
863 2396 893 2454 in
917 2396 1110 2477 inspectione
1138 2394 1355 2467 ecclesiarum,
1388 2403 1420 2458 et
1442 2397 1472 2458 d.
1497 2403 1527 2461 9.
1549 2398 1632 2479 Aug.
1655 2418 1694 2458 ex
1724 2417 1763 2458 ea
1783 2397 1867 2458 senii
1888 2393 2007 2468 lenam,
2042 2398 2147 2479 ibique
2174 2400 2308 2462 docebat

289 2479 498 2543 scholasticos
515 2480 687 2561 dispersos,
706 2482 769 2560 qui,
791 2481 961 2543 Academia
977 2481 1207 2561 Witebergensi
1230 2484 1270 2544 ob
1292 2488 1412 2563 pestem
1436 2482 1599 2556 dissoluta,
1623 2506 1661 2545 eo
1681 2485 1898 2545 conduxerant.
1926 2482 1985 2543 llic
2007 2483 2085 2545 liber
2107 2486 2156 2545 vix
2174 2487 2306 2547 conscri-

288 2575 371 2649 ptus,
396 2568 494 2628 inscio
517 2574 642 2629 auctore
659 2566 706 2646 (id
724 2568 807 2647 quod
828 2588 868 2630 ex
888 2567 958 2629 loco
981 2587 1074 2650 supra
1095 2565 1188 2628 allato
1207 2567 1408 2648 intelligitur),
1430 2569 1513 2631 illico
1535 2591 1672 2633 excusus
1695 2578 1727 2632 et
1748 2569 1910 2650 evulgatus
1929 2575 1989 2631 est.
2020 2570 2179 2632 tamenim
2198 2591 2307 2633 meuse

288 2651 453 2715 Decembri
475 2653 615 2715 eiusdem
638 2655 708 2714 anni
727 2655 758 2714 in
781 2652 834 2715 illa
856 2653 989 2736 epistole
1010 2654 1050 2716 ad
1072 2651 1278 2715 Camerarium
1300 2656 1416 2738 scripta
1437 2659 1631 2737 conqueritur
1652 2657 1693 2719 de
1714 2657 1826 2719 acerba
1843 2675 1982 2728 censura,
2007 2676 2098 2738 quam
2107 2658 2253 2738 Agricola
2276 2660 2306 2721 iu

288 2739 320 2800 id
342 2741 489 2820 scriptum
511 2741 725 2820 composuerit

443 2893 505 2959 llic
527 2893 606 2955 liber
625 2894 738 2975 prodiit
755 2914 823 2956 cum
845 2895 943 2956 hocce
965 2892 1071 2960 titulo:

492 3029 631 3093 Articuli
649 3030 655 3116 Ι
674 3031 716 3092 de
739 3012 844 3114 quidm
862 3037 868 3113 Ι
887 3038 1013 3112 speram
1028 3052 1092 3114 per
1121 3030 1311 3095 Writotmes
1328 3036 1336 3119 Ι
1352 3034 1388 3099 iu
1406 3037 1412 3120 Ι
1430 3036 1560 3115 reprom
1578 3033 1751 3099 Saeouioe.
1771 3034 1778 3121 Ι
1802 3032 2044 3116 Wiitemderpue
2068 3037 2161 3099 1521.
2187 3074 2226 3086 -
2257 3033 2307 3116 (ln

535 3118 628 3197 liner)
661 3115 821 3182 Examen
853 3117 1109 3200 Wittemberqae,
1138 3139 1202 3201 per
1229 3118 1397 3182 Nicolaum
1427 3119 1611 3184 Sclirierrts.
1640 3122 1648 3206 1
1677 3122 1770 3184 Areae
1802 3123 1895 3184 labi.
1925 3122 1988 3200 (sic
2015 3141 2071 3207 pro
2102 3124 2212 3201 1527.)
2242 3121 2304 3209 iss,

534 3203 636 3285 alass·
660 3204 730 3284 8²)

443 3340 532 3403 llaec
553 3340 728 3405 Editionem
751 3342 860 3405 eodem
882 3362 962 3405 anno
984 3350 1094 3406 secuta
1110 3351 1161 3407 est
1183 3343 1294 3407 alterat

496 3516 537 3527 -
561 3514 602 3530 -
625 3476 723 3562 (ldem
745 3477 853 3560 ludex)
878 3484 971 3545 1527.
995 3482 1065 3544 sine
1085 3480 1146 3543 loci
1164 3481 1354 3567 indicio.”)

443 3613 618 3690 Praeterea,
641 3617 729 3680 tibrlo
751 3617 877 3699 paulum
899 3620 1023 3692 vadato,
1046 3619 1196 3681 invenitur
1217 3620 1247 3680 in
1270 3625 1405 3682 exuam
1424 3625 1510 3701 parte
1532 3617 1627 3680 lruius
1647 3617 1734 3681 libris

494 3750 656 3817 Aduersus
676 3755 907 3838 Auudupiistur
926 3755 1239 3818 alienabimus
1258 3754 1427 3818 iudicium.
1459 3754 1537 3816 Item
1560 3775 1602 3816 uu
1623 3755 1835 3836 Muqirtrotus
1849 3757 1919 3820 iure
1936 3757 2044 3837 poerit
2055 3754 2202 3817 occidere
2218 3757 2305 3818 Aac·

506 3888 508 3892 -
538 3841 706 3922 baptistae,
723 3842 774 3904 Io.
792 3841 923 3906 Breatii
943 3843 1115 3905 Sententia.
1153 3840 1232 3904 Item
1260 3840 1397 3905 Articuli
1417 3843 1626 3924 inspectionis
1642 3841 1858 3905 Ecclesiurum
1867 3841 2031 3906 saxosae
2051 3842 2216 3904 emmriuti.
2242 3840 2304 3930 8¹),

537 3926 639 4009 plsgg.
663 3933 691 3992 8.
713 3930 783 3991 siue
805 3929 866 3992 loci
888 3931 1020 4009 annique
1041 3929 1163 3991 indicio.
1176 3928 1242 4004 m)

441 4063 571 4127 Articuli
594 4065 797 4147 inspectionis
819 4067 849 4128 iu
872 4067 932 4129 boe
953 4065 1042 4128 titulo
1061 4073 1270 4148 nuncupantur
1291 4063 1456 4127 emersisti.
1502 4064 1666 4139 Quaeritur
1687 4086 1772 4148 ergo,
1797 4040 1938 4147 quisnim
1961 4064 2055 4128 lruius
2081 4065 2305 4128 emendationis

286 4158 380 4234 (quae
403 4150 480 4213 inira
501 4153 531 4212 in
554 4152 688 4232 margine
710 4152 852 4214 inferiore
870 4153 1079 4239 adscribetur)
1097 4160 1203 4216 auctor
1220 4154 1272 4215 sit.
1316 4152 1468 4234 Equidem
1490 4154 1613 4214 minime
1636 4155 1753 4225 dubito,
1776 4155 1877 4235 ipsum
1899 4151 2128 4215 Melantbonem
2147 4151 2304 4214 autBreu-

286 4239 360 4300 tium
384 4237 476 4300 liuius
498 4239 543 4299 rei
565 4258 641 4299 esse
662 4245 816 4301 auctorem
839 4239 934 4320 (cuni.
958 4238 1169 4303 Melanthonis
1193 4239 1233 4303 ds
1256 4238 1379 4302 Brentio
1403 4238 1548 4301 iudicium
1571 4240 1601 4301 in
1623 4241 1812 4323 praelatione
1834 4242 1864 4301 in
1890 4236 2078 4302 Gateclresin
2100 4237 2250 4319 puerilem
2274 4240 2304 4300 iu

287 4324 378 4386 liuius
402 4324 548 4406 Corporis
566 4321 770 4389 v01.xxiii.
788 4345 818 4407 p.
833 4331 893 4389 115
915 4346 963 4407 sq.
987 4332 1122 4404 recum).
1527 4315 1533 4327 ⁸

441 4459 531 4524 Hunc
551 4459 661 4524 librum
682 4462 808 4527 latinum
831 4483 908 4526 esse
930 4482 1099 4546 perramm,
1132 4482 1173 4524 ex
1193 4483 1232 4525 eo
1250 4460 1361 4533 elucet,
1384 4461 1468 4542 quod
1489 4482 1590 4543 nequa
1612 4461 1933 4525 Ssclreudort'ius
1963 4462 1993 4524 iu
2016 4458 2241 4524 Commentario
2264 4461 2305 4524 ds

287 4546 534 4622 Lutbemnismo,
556 4548 587 4610 in
610 4568 671 4629 quo
689 4550 782 4614 buius
799 4551 986 4614 visitationis
1007 4548 1206 4613 ecclesiarum
1229 4548 1387 4612 lristoriam
1408 4545 1478 4613 ili
1498 4567 1530 4632 p.
1544 4553 1585 4613 90
1596 4568 1646 4629 sq.
1661 4553 1722 4612 100
1733 4570 1802 4631 sqq.
1826 4549 1998 4613 accuratius
2020 4551 2179 4622 caenavit,
2201 4568 2305 4631 usqua

396 4811 426 4875 ‘i
440 4811 697 4948 ξιξοπηωμοῦιη
713 4810 740 4863 in
758 4810 916 4864 Bibliotheca
932 4813 1018 4863 senet.
1032 4808 1145 4863 iiorimb.
1160 4811 1320 4863 essemmr.
1337 4834 1372 4846 -
1390 4808 1551 4863 Recenseiur
1567 4810 1727 4864 rieueriino
1744 4810 1771 4864 in
1788 4810 1906 4865 bibiloib
1925 4782 2035 4873 symbol.
2054 4808 2095 4863 ed.
2111 4807 2234 4862 iitederer
2244 4808 2272 4861 Ρ.
2283 4807 2302 4862 i.

380 4980 423 5051 ”i
439 4984 512 5038 uene
527 4982 572 5038 ba
589 4994 647 5037 cum
665 4983 751 5047 priore
769 4982 924 5037 brevissime
940 4985 1062 5036 recenset
1077 4991 1128 5035 reu
1146 4980 1194 5035 der
1210 4980 1292 5035 iterii
1307 4982 1335 5036 iu
1351 4983 1456 5045 Auum.
1472 4980 1579 5035 iuberi
1595 4984 1623 5034 et
1639 4981 1675 5035 ri.
1693 4982 1764 5036 iem.
1782 4982 1802 5037 1.
1820 4994 1845 5047 p.
1856 4982 1916 5036 tit.

293 5058 311 5089 ²
368 5082 422 5154 mJ
439 5087 512 5141 iisne
528 5086 573 5141 Ed.
588 5086 715 5140 mederer
730 5086 757 5138 in
775 5098 822 5138 sua
841 5084 884 5137 Ed.
901 5084 1076 5137 bibliothecae
1094 5084 1204 5147 symbol.
1220 5084 1348 5139 reueriini
1365 5085 1394 5138 P.
1411 5085 1430 5138 i.
1449 5096 1474 5149 p.
1493 5084 1545 5137 aia
1562 5095 1602 5149 sq.
1621 5088 1648 5137 et
1666 5086 1810 5139 sambatius
1827 5084 1948 5180 iniibro,
1965 5092 2042 5148 quen
2062 5082 2130 5136 iiiico
2146 5083 2303 5149 recensebo,
2347 5056 2350 5061 ¹

441 5155 687 5289 abac.
701 5166 1374 5289 ...mnne
1393 5221 1658 5289 .
1676 5150 2305 5289 eumue..

441 5294 593 5350 samue
608 5292 614 5361 t
628 5293 814 5358 Frarrcosorti
834 5304 884 5346 es·
899 5291 905 5355 Ι
919 5291 1039 5346 ababuc
1052 5293 1156 5346 Petras
1169 5291 1175 5357 i
1189 5291 1397 5359 antemi
1417 5294 1454 5349 1.
1470 5292 1505 5347 ii.
1521 5291 1603 5348 iiii.
1637 5290 1690 5359 vl,
1707 5294 1796 5359 pirae.
1812 5292 1862 5346 1111.
1880 5290 1956 5345 1-5
1974 5287 2045 5354 isi.
2062 5291 2145 5358 pise.)
2168 5291 2248 5355 sun..
2266 5290 2302 5343 ba

442 5363 498 5415 rm.
516 5375 568 5417 nou
585 5374 668 5418 num..
686 5363 710 5413 a.
729 5363 800 5425 mia..
819 5362 855 5415 tiit
873 5362 979 5416 Articuli
997 5372 1049 5415 non
1065 5360 1180 5415 adiuncti
1195 5365 1266 5414 aunt.
